2728 4768
262 393 519 460 ΙΦΙΓΕΝΕΙΑ
548 395 585 458 Η
616 395 676 457 ΕΝ
703 395 889 458 Amisi.

1035 387 1091 454 181

479 562 676 628 ΧΟΡΟΣ.

170 649 194 726 ὦ
224 658 347 726 πότνια
374 657 498 728 πότνια
521 665 639 750 μᾶτερ,
665 658 710 736 ὡς
736 657 865 749 δάκρυά
884 667 989 745 ytres
1011 671 1091 738 1485

173 761 323 844 δώσομεν
349 757 511 847 ἁμέτερα·

71 859 169 934 14911
197 861 278 950 παρ’
309 868 409 947 ἱεροῖς
437 862 503 951 γάρ
530 862 571 930 οὐ
599 870 725 948 πρέποι.
815 908 820 918 1

419 984 686 1048 ltthh'Nli'l
700 983 741 1047 Α.

173 1075 210 1144 ia)
238 1076 274 1145 tvl
306 1078 461 1160 acdestiae,
513 1099 515 1104 ’
608 1119 612 1126 ·

170 1183 392 1264 συνεπαείδετ’
415 1179 574 1268 ”Aprem

176 1284 343 1360 Χαλκίδος
368 1283 569 1366 ἀντίπορον,

72 1377 168 1454 1495
197 1388 253 1448 ἵνα
279 1409 314 1450 τι
341 1384 470 1471 δόρατα
495 1393 616 1468 μέμονε
643 1383 722 1448 tata

169 1482 212 1548 δι’
244 1483 325 1566 ἐμὸν
355 1481 464 1566 ὄνομα
492 1484 584 1558 τᾶςδ
618 1481 764 1558 Αὐλίδος

169 1583 424 1672 στινοπόροισιν
453 1583 581 1672 ὅρμοις.

140 1806 168 1854 V.
191 1804 265 1862 1485.
301 1807 376 1870 μᾶτερ
396 1805 430 1856 G.
450 1809 612 1858 Hermann
621 1825 664 1857 ns.
685 1807 762 1869 μῇιιρ
781 1807 850 1854 libri·

142 1875 170 1924 V.
190 1876 266 1928 1487.
304 1875 380 1938 [epeia
398 1877 462 1925 (ἶοδΔ
484 1879 514 1927 lt.
535 1894 551 1927 a
572 1894 611 1940 pr.
631 1893 663 1926 mr

141 1945 169 1998 V.
194 1945 267 1997 titia.
305 1946 372 1994 Post
390 1947 459 1994 hunc
478 1964 581 1998 versum
602 1947 732 2011 quaedam
746 1943 877 1993 excidisse
896 1943 1024 1992 iudicarit
1039 1944 1089 1992 erl·

69 2016 137 2066 tiens
159 2013 460 2077 Cantabrigiensis.

143 2085 169 2132 δ’.
191 2085 267 2136 Mill.
306 2081 408 2150 δώραια
427 2085 493 2133 efod.
513 2083 544 2133 ll.

140 2151 169 2205 V.
188 2153 264 2206 1492.
302 2151 346 2204 ecit
364 2148 390 2202 δ’
413 2155 478 2204 eod.
500 2153 529 2208 0.

68 2354 241 2410 represserat,
258 2355 287 2395 nt
305 2347 429 2396 vidimus.
460 2347 555 2412 Neque

70 2424 129 2464 erat
159 2424 365 2465 consentaneum
397 2417 555 2480 Iphigeniae

70 2485 159 2532 dicere
177 2486 204 2532 in
217 2487 348 2534 sacrificio
363 2487 460 2534 ominis
476 2503 556 2537 cansa

69 2554 261 2602 lacrimandum
281 2570 334 2603 non
360 2570 431 2614 esse,
458 2558 556 2620 quippe

71 2638 138 2686 quae
163 2623 226 2672 forti
246 2627 335 2673 animo
360 2633 387 2674 et
410 2627 555 2676 cementis

70 2693 217 2755 hilaritate,
240 2711 307 2757 quae
326 2709 358 2743 ex
378 2710 408 2744 ec
427 2697 491 2744 oriri
511 2697 554 2744 de·

70 2762 160 2821 habat,
188 2765 259 2826 quod
287 2766 417 2814 sentiebat
440 2766 553 2829 ipsa'se

69 2833 239 2881 liheratnram
257 2849 316 2883 esse
335 2837 448 2898 patriam
467 2843 493 2883 et
509 2850 551 2884 ae·

69 2910 168 2952 ternam
187 2904 300 2964 gloriam
321 2914 553 2964 consequeremur,

69 2971 102 3018 ad
112 2979 223 3023 mortam
236 2973 455 3032 proficisceretur¹
472 2971 552 3021 Chal-

69 3043 170 3088 cidicae
201 3049 289 3088 autem
321 3041 445 3091 tardiores
478 3040 551 3090 chori

69 3125 171 3159 autumn
183 3109 240 3156 iure
256 3108 482 3170 Clytaemnestrae
499 3123 552 3158 ma·

69 3181 102 3226 tri
117 3179 299 3231 haslacrimaa
317 3179 405 3227 dicare
420 3185 551 3240 poterant.

70 3247 137 3296 Nam
157 3249 227 3310 qued
243 3248 479 3310 Clytaemnestram
499 3263 553 3296 ma-

70 3324 134 3366 trem
157 3318 275 3378 appellat
293 3318 391 3382 chorus
410 3332 441 3364 eo
466 3317 552 3366 minna

70 3386 212 3436 offensioni
222 3402 283 3436 esse
296 3388 403 3448 poterit,
417 3387 487 3448 quod
498 3401 553 3433 con

69 3457 225 3518 simpliciter
238 3463 320 3504 mater
331 3457 490 3519 appellatur,
505 3454 552 3504 sad

70 3521 164 3572 adnata
182 3525 271 3586 μᾶτερ,
295 3528 370 3588 quasi
393 3531 485 3579 nostra
503 3524 552 3572 lin·

70 3607 122 3654 gna
150 3594 237 3660 dicas:
272 3596 444 3644 erlanchte
471 3593 551 3641 hlut-

69 3667 131 3721 ter,
151 3669 179 3710 ut
195 3665 288 3722 regina
302 3665 360 3726 ipsa
378 3663 553 3725 significetur,

69 3745 155 3793 nequa
180 3730 207 3778 id
232 3731 318 3792 ipsum
340 3733 370 3780 fit
389 3737 446 3782 sine
466 3747 552 3780 exem·

68 3800 122 3864 plo.
143 3800 243 3848 Attulit
256 3803 326 3848 enim
342 3804 393 3850 iam
410 3803 552 3852 Valerus

54 3870 210 3929 *Phoenica
225 3869 284 3922 298.
306 3871 350 3918 nbi
365 3872 462 3920 chorus
478 3872 553 3919 Ioca-

18 3937 38 3958 “'
70 3945 137 3988 stam
157 3941 194 3988 alc
213 3941 342 4003 appellat:
362 3938 455 3998 κλιῖειι,
475 3931 495 3990 οδ
515 3955 552 3988 ta·

70 4007 154 4056 κοῦοιι
173 4004 248 4078 ιόιιδο
265 4011 357 4072 privem
375 4025 426 4074 qno
446 4013 473 4060 ln
492 4010 553 4058 loco

70 4079 128 4142 ipso
144 4093 250 4140 qunque
269 4095 337 4142 quae
351 4083 554 4144 appositasunt

71 4147 151 4196 verba
169 4149 281 4196 τεκοῦσα
301 4146 377 4198 τόνδε
389 4167 457 4215 quae
470 4157 554 4200 mater

70 4217 246 4282 intelligenda
270 4220 305 4271 tit
324 4221 388 4272 aetia
407 4222 553 4272 declarant.

70 4287 236 4340 Lacrimatur
255 4305 319 4340 vero
338 4291 365 4340 in
385 4291 469 4342 ‘simili
492 4305 554 4342 ean·

606 2363 635 2398 aa
667 2349 746 2396 etiam
775 2344 872 2394 chorus
897 2361 988 2396 tenum
1018 2345 1088 2394 The·

606 2419 734 2468 banorum
754 2416 781 2463 in
802 2413 976 2479 Sophoclis
996 2417 1089 2479 Antig.

605 2488 665 2540 803.
691 2485 760 2547 (771.
784 2485 824 2534 ed.
845 2485 973 2546 Boeekh.)
1010 2485 1089 2547 δοχειι

606 2551 631 2606 δ’
651 2550 742 2606 Οὐκέτι
762 2551 846 2617 scytis
864 2551 974 2614 δύναμαι
990 2552 1086 2616 δοκρύ·

606 2643 650 2684 mv,
669 2624 693 2674 Τ
692 2624 723 2674 ὸν
739 2627 881 2688 ποιγκοιίαν
900 2619 952 2674 ὅθ’
968 2619 1023 2688 δρῶ
1036 2622 1086 2672 θά-

606 2699 685 2756 λαμον
705 2690 786 2758 Τήι’δ’
805 2688 954 2759 Ἁνιιγόνηιι·
973 2689 1087 2742 halton-

605 2765 752 2828 dav.‚·qnc
773 2765 833 2812 loeo
855 2781 919 2813 risus
938 2773 978 2811 est
996 2763 1086 2812 Fi'rn·

603 2838 743 2886 haberus
761 2832 878 2881 conferri
896 2835 990 2881 iubens
1007 2833 1087 2878 etiam

603 2906 682 2954 Herc.
710 2902 760 2950 fur.
787 2900 839 2952 448
863 2916 919 2966 sqq.
958 2896 1086 2961 δύστηνοι

604 2969 668 3036 ἐμώ,
689 2965 823 3030 Δακρύων
851 2964 887 3016 cis
918 2963 953 3018 ου’
976 2964 1087 3027 thaam

604 3041 715 3102 καιέχιιι
728 3039 823 3102 Γραιίιι
836 3035 923 3088 dcccv
942 3038 977 3086 ἔτι
992 3035 1084 3101 πηγάς.

640 3177 669 3226 V.
695 3177 772 3229 1490.
810 3174 974 3226 Χαλκίδος
1005 3170 1085 3226 dvri-

605 3247 723 3309 πορον]
744 3246 867 3306 Dianam,
880 3262 948 3310 qnae
960 3250 1086 3309 temptam

605 3317 702 3366 Aulide
719 3315 840 3364 Chalcidi
865 3317 1016 3378 oppositum
1039 3316 1085 3364 ha·

604 3387 675 3444 buit,
707 3385 779 3432 dicit.
807 3383 884 3434 Cani.
912 3400 978 3448 quae
1004 3399 1086 3448 supra

603 3457 719 3506 diximus
738 3454 772 3502 ad
795 3470 817 3500 ι’.
837 3454 894 3506 166,
916 3469 941 3517 p.
960 3453 1003 3506 39.

639 3591 669 3639 V.
690 3590 757 3653 1491
780 3608 818 3655 sq.
851 3591 948 3650 ἴνοιε
967 3588 1085 3656 δόρατα

604 3659 720 3721 μέμονε
745 3658 818 3710 totta
838 3661 899 3726 md]
924 3662 986 3712 Non
1006 3665 1084 3712 aliam

604 3733 656 3780 viar
675 3747 705 3778 ac
724 3738 881 3794 potestatem
894 3733 945 3781 hnc
964 3735 1023 3780 loco
1038 3745 1084 3779 an·

603 3801 703 3862 tiquurn
727 3802 791 3850 illud
818 3802 961 3863 perfectum
992 3799 1085 3858 μέμονε

603 3869 684 3918 habet
706 3879 785 3935 atque
807 3873 867 3921 aliis
891 3871 958 3920 locis
984 3870 1083 3918 multis.

603 3937 678 3990 Dicit
692 3940 847 4004 hocpoiita:
867 3941 921 3987 nbi
940 3938 1007 3986 tela
1025 3952 1084 3989 mc·

604 4009 731 4060 ditatur
762 4009 881 4069 (Diana)
912 4007 1084 4058 hostilia

604 4087 736 4143 propter
763 4093 863 4128 mecm
890 4091 1006 4128 nomen
1034 4083 1084 4127 ate.

605 4147 682 4206 Cani.
698 4149 811 4213 quaeda
829 4149 910 4198 verbo
926 4146 1023 4208 μὲμονοι
1035 4161 1084 4196 nu·

604 4235 651 4282 per
670 4224 860 4268 commentatus
879 4233 937 4270 eum
949 4218 985 4270 ad
995 4216 1083 4284 Iphig.

605 4288 687 4342 Vana.
705 4285 765 4342 640.
785 4301 810 4352 p·
828 4286 871 4342 97.
896 4303 898 4308 ·
