2746 4774
279 347 319 412 94
409 335 411 340 ¹
638 341 954 410 ΕΥΡΙΠΙΔΟΥ

357 526 388 588 σι’
411 521 499 608 χρῆν
524 543 565 604 με
593 521 734 607 δρᾶσαις
759 516 821 588 δύο
847 517 915 605 γὰρ
938 520 1082 596 ἀντίθες
1108 519 1219 586 δυοῖν·
1255 509 1260 518 ’

354 616 467 706 πατὴρ
492 622 554 702 μὲν
579 618 756 712 epotavere
783 645 834 706 με,
861 617 904 700 σὴ
931 620 962 688 δ’
995 626 1097 690 llum
1123 630 1212 696 τεαῖς,

355 720 394 790 τὸ
421 720 532 806 σπέρμ’
563 718 697 809 ἄρουρα
723 719 959 809 παραλαβοῦσ’
990 717 1099 788 ἄλλου
1126 717 1239 804 τιάρα·

356 818 439 890 ἄυιυ
466 823 501 888 di
528 820 658 908 πατρὸς
684 831 801 892 τέκνον
827 822 889 891 οὐκ
917 821 967 903 εἴη
994 818 1074 888 ποτ’
1104 814 1160 888 ἄν.

298 958 300 968 ·
354 921 559 1008 ιλογισάμηυ
584 915 646 992 citu
675 923 719 1007 spi
744 920 860 1002 Ιγένους
886 920 1050 1014 ἀρχηγέτῃ
1207 909 1211 914 ’
1239 932 1308 997 555

351 1022 484 1111 μᾶλλόν
508 1024 538 1111 μ’
568 1023 698 1109 ἀμῦναι
722 1025 784 1103 τῆς
808 1020 1004 1104 ὑποστάσης
1030 1019 1178 1112 τροφάς·

355 1121 379 1206 ἡ
404 1120 446 1206 σὴ
473 1125 508 1191 ii
532 1124 706 1218 ρυγιέτηρ,
732 1121 842 1214 μητέρ
871 1127 1034 1210 αἰδοῦμαι
1060 1127 1177 1208 λέγειν,

349 1320 381 1373 V.
399 1320 461 1376 552.
495 1319 542 1384 μὲν
560 1336 612 1372 oin.
630 1337 653 1371 c.

286 1405 290 1418 ¹
349 1391 460 1444 tabe
495 1385 1195 1454 habetEustathiusadOdyss.p.1498,bi.
1222 1388 1306 1438 etiam

226 1481 228 1484 ·
280 1459 432 1512 Clemens
450 1460 530 1510 Alex.
549 1459 648 1510 Strom.
667 1461 698 1510 ll.
718 1457 822 1524 5505.
1132 1481 1135 1486 ·

349 1529 383 1578 V.
400 1528 462 1582 556.
497 1525 797 1592 pallavicinum.
838 1527 934 1589 μᾶλλον
966 1520 1060 1586 ἀμῦναι
1083 1523 1112 1576 G.
1154 1521 1251 1587 μᾶλλόν
1273 1525 1306 1587 μ’

314 1599 375 1649 daos
405 1597 465 1649 Bo.
998 1638 1001 1645 ,

280 1593 313 1662 ἀμ
350 1666 382 1718 V.
394 1597 462 1720 [be.
497 1661 524 1715 dl
541 1681 558 1716 a
575 1682 654 1718 manu
671 1666 755 1718 altera
771 1679 853 1729 snpra
871 1664 998 1730 scriptum
1016 1664 1044 1714 in
1062 1661 1093 1712 F.

350 1737 381 1788 V.
398 1735 459 1790 558.
496 1733 602 1786 ἰδίοισιν
630 1737 757 1786 vitiosum
779 1734 1014 1794 Kirchholiio,
1040 1739 1190 1796 suspectum
1217 1731 1306 1792 Nars-

280 1806 357 1858 ekio
380 1809 466 1857 visunt
490 1812 544 1857 est:
561 1809 620 1857 sine
645 1821 727 1858 causa
744 1805 856 1867 idonea„
875 1819 899 1853 τ.
920 1804 984 1853 adn.
1002 1808 1105 1866 exeget.
1125 1795 1261 1864 ὖμοναίοισ
1281 1796 1307 1850 κ’

315 1976 346 2032 V.
369 1977 421 2033 551
445 1991 504 2041 sqq.
546 1989 615 2039 quae
639 1974 692 2024 ism
720 1988 765 2023 ex·
852 1972 957 2028 Uibi·
987 1972 1025 2038 οη
1045 1965 1072 2020 θ’
1088 1970 1192 2021 ἔτικτε
1210 1969 1304 2034 ταῖς]

279 2049 389 2114 ponitur
439 2043 542 2097 Orestis
593 2043 765 2094 ratiocinatio
818 2049 956 2094 matrem
974 2051 1081 2092 veretur
1102 2040 1253 2106 appellare,
1273 2049 1307 2089 ut

280 2118 453 2182 quamobrem
471 2120 574 2180 patrem
592 2115 671 2162 matri
689 2117 766 2164 antee
817 2112 890 2162 loire
908 2129 932 2162 v.
951 2111 1012 2166 557.
1031 2113 1089 2176 ipse
1109 2111 1232 2175 explicat.

279 2188 401 2250 posuerit
434 2182 535 2246 frigida
562 2181 705 2234 admodum
734 2197 766 2232 ac
853 2182 886 2231 V.
900 2181 962 2236 553.
988 2177 1022 2230 τὸ
1046 2173 1306 2245 σπέρμ’ἄρουρα

278 2255 368 2304 ieiuna
391 2267 450 2303 esse
474 2250 594 2310 videtur,
613 2255 642 2300 et
662 2257 703 2300 est
720 2265 765 2300 ex·
818 2243 1066 2316 nnpaiuflotio’]
1086 2249 1166 2310 Quod
1178 2247 1306 2296 (Μοτ-

279 2326 382 2386 sgitata
403 2321 510 2386 quidem
537 2319 602 2367 olim
625 2334 642 2368 a
665 2320 765 2370 moltis.
817 2319 955 2371 mannus
973 2322 1081 2385 scripsit
1098 2321 1132 2369 de
1148 2317 1307 2369 coniectura

278 2391 349 2442 Nam
367 2397 394 2440 et
416 2391 443 2439 ln
462 2390 522 2454 ipso
536 2389 642 2438 theatro
662 2405 688 2439 v.
703 2387 764 2442 554.
815 2385 968 2455 ουοᾶρουρ’
987 2386 1030 2448 cie,
1042 2389 1070 2438 id
1088 2389 1141 2439 iam
1159 2393 1307 2452 propterea

278 2461 319 2510 ita
338 2461 464 2525 explosus
489 2473 548 2508 esse
571 2458 668 2508 dicitur
685 2459 764 2508 Euri·
817 2475 885 2524 opus
903 2475 957 2510 nou
976 2466 1024 2520 est,
1037 2459 1109 2523 quod
1127 2453 1229 2521 ἄρουρα
1242 2471 1306 2506 sae·

277 2529 368 2594 pides‚
391 2536 421 2578 ut
444 2527 469 2578 ei
495 2528 675 2578 accinereturs
701 2522 765 2577 sicco
816 2530 877 2593 pius
902 2530 935 2579 de
956 2529 1058 2593 gremio
1076 2528 1169 2578 matris
1188 2539 1305 2590 usurpa-

278 2595 307 2647 oi
325 2593 429 2664 μητρός,
449 2587 470 2646 ai
491 2592 603 2660 κάθαρμ’
619 2591 764 2661 Ευριιιίδηι
816 2605 875 2660 tur,
899 2604 929 2647 ut
955 2598 1100 2648 similitudo
1125 2596 1198 2646 nullo
1224 2596 1305 2645 addi·

278 2683 333 2732 que
351 2669 385 2718 de
402 2683 431 2717 re
452 2666 516 2716 vide
538 2672 644 2730 praeter
660 2664 764 2717 Scho·
816 2674 934 2717 tamerrto
977 2667 1108 2717 eiusmodi
1147 2665 1305 2715 adiuvanda

277 2738 402 2788 liasteu
421 2737 455 2792 ad
471 2736 498 2784 h.
516 2735 765 2786 LEustathium
815 2737 902 2786 fuisse
927 2737 1063 2798 videatur‚'
1086 2751 1111 2784 v.
1138 2733 1304 2799 Aeschyli

277 2807 314 2858 etl
339 2805 391 2858 Od.
416 2822 442 2870 p.
467 2802 552 2866 1498,
568 2803 626 2864 57..
652 2811 678 2854 et
695 2803 765 2855 Cle·
816 2805 890 2870 Sept.
919 2806 981 2856 adv.
1008 2802 1059 2854 Th.
1088 2803 1147 2858 738.
1176 2801 1304 2867 Sopho-

277 2890 367 2926 mens
386 2874 587 2926 Alexandrinus
605 2872 642 2921 ΙΙ.
661 2889 687 2938 p.
703 2873 764 2927 505.
816 2876 879 2924 olis
898 2873 965 2926 Oed.
986 2871 1017 2924 it.
1036 2873 1115 2930 1257.

277 2944 390 2994 eundem
417 2943 556 3008 Euripidis
583 2957 689 2992 versum
712 2943 764 2994 ad·
850 2944 885 2993 V.
914 2943 976 2997 556.
1023 2943 1080 3008 τηε
1109 2937 1304 3004 ὑποστάτην

277 3013 330 3062 fert
363 3013 415 3062 hac
453 3013 547 3063 addita
585 3013 764 3063 correctiones
815 3009 956 3079 epaonis]
983 3012 1003 3060 i.
1021 3027 1044 3062 e.
1069 3007 1086 3078 ἢ
1109 3012 1139 3075 τῇ
1163 3005 1302 3074 ὖιιοστᾰοη

277 3077 342 3131 ἄνευ
371 3079 400 3130 δὲ
427 3077 524 3145 μητρὸε
554 3073 618 3130 οὐδὲ
648 3077 764 3146 συλλαβὴ
815 3079 925 3146 τροφοῖς.
959 3081 987 3130 V.
1012 3084 1046 3131 A.
1070 3081 1234 3132 Matthiae
1258 3095 1301 3144 gr.

278 3149 380 3201 τέκνου.
420 3149 474 3201 Sed
497 3150 622 3214 Euripidi
649 3152 764 3216 praeivit
814 3150 863 3202 Gr.
882 3151 961 3216 ampl.
976 3149 1000 3214 §-
1011 3149 1072 3204 454.
1084 3152 1145 3202 edu.
1159 3149 1185 3204 2.
1204 3149 1301 3200 Rost.

276 3227 366 3272 tamen
378 3220 567 3285 Aeschylus
585 3221 644 3283 ipse
665 3220 694 3268 in
707 3220 762 3270 Eu·
813 3237 854 3284 gr.
877 3221 923 3272 Gr.
938 3223 963 3285 ᾖ.
979 3218 1302 3285 97.8.supp1.1.p.408.

276 3291 375 3341 menid.
394 3291 446 3344 649
465 3305 523 3356 sqq.
542 3291 585 3356 ed.
601 3289 692 3348 Herm,
713 3283 762 3339 oda
812 3293 855 3344 ed.
875 3296 942 3355 sept.

278 3360 331 3410 dors
353 3356 436 3426 μήτηρ
463 3354 481 3425 ἦ
507 3357 644 3423 κεκλημένη
672 3356 762 3408 τέκνου
846 3361 881 3410 V.
900 3359 960 3414 558.
997 3356 1139 3408 ἰδίοισιν
1169 3353 1300 3420 ὑμεναί-

282 3427 390 3490 Τοκτύε,
403 3425 505 3496 τροφὸν
523 3426 551 3479 δὲ
572 3425 685 3490 κύματος
703 3445 761 3478 νοο-
814 3430 917 3496 οιοιν]
940 3429 1060 3479 Pertinet
1079 3428 1129 3478 hoc
1147 3429 1181 3478 sd
1195 3429 1301 3478 adulte·

278 3494 396 3559 σπόρου·
424 3497 508 3548 Τι’κτοι
532 3494 558 3547 δ’
583 3496 598 3546 ὸ
621 3492 762 3564 θρῴσκων,
812 3501 880 3549 rium
898 3516 914 3550 a
934 3498 1147 3562 Clytaemnestra
1165 3513 1225 3548 cum
1244 3500 1299 3548 Ae·

278 3560 294 3628 ἦ
320 3559 348 3613 θ’
375 3561 441 3631 ἅττιρ
469 3567 534 3634 ξουρτ
564 3567 623 3632 ξένη
640 3563 762 3617 ’Ennoea
811 3569 901 3634 gistho
921 3569 1098 3633 commissum.
1136 3567 1302 3630 Propriae

276 3632 368 3698 ἔρυον,
387 3629 440 3684 οἶσι
463 3633 496 3698 μη
517 3634 604 3698 βλάψῃ
636 3633 711 3687 θιότ.
735 3644 762 3688 el
811 3639 883 3700 enirn
906 3639 1015 3702 nuptiae
1033 3639 1158 3687 dicuntur
1179 3636 1222 3686 bic
1241 3652 1301 3699 eae,

277 3701 466 3768 Sophoclis
484 3705 530 3752 ille
546 3706 702 3757 nobilitatus
720 3708 760 3757 lo·
811 3723 880 3773 quae
899 3723 954 3756 nou
973 3715 1036 3756 sunt
1054 3709 1137 3758 initae
1157 3706 1300 3765 annitere

276 3789 323 3844 cus
347 3773 380 3822 de
405 3775 545 3836 Antigona
573 3790 597 3824 v.
626 3772 679 3827 873
701 3791 760 3841 sqq.
811 3779 863 3828 nisi
883 3778 1021 3826 voluntate
1044 3785 1091 3827 eut
1109 3775 1221 3826 libidine
1240 3792 1299 3840 stra,

276 3843 317 3892 ed.
343 3841 461 3893 Boeclrh.
487 3838 565 3892 adore
587 3841 633 3904 μὲν
655 3839 687 3892 ἅν
708 3859 760 3906 μοι,
811 3847 895 3896 nullis
913 3846 1080 3911 auspicibus,
1100 3847 1180 3896 bullis
1204 3855 1299 3896 auoto-

276 3904 465 3968 κιιτθανόντοτ,
477 3907 554 3961 illoc
570 3903 612 3977 ἦν,
630 3912 685 3962 Kal
700 3919 760 3964 scuit
810 3918 884 3966 ribus
903 3925 950 3966 aut
967 3916 1186 3980 procuratoribus
1207 3917 1299 3965 matri·
1358 3927 1359 3932 ’

276 3976 324 4031 ἀπ’
342 3978 422 4031 ἄλλον
446 3975 548 4044 φατόν,
566 3979 593 4032 el
616 3977 691 4032 τοῦδ’
716 3980 760 4048 ἥμ-
794 3981 894 4040 „monii
912 3981 1177 4050 legitimamente
1196 3976 1299 4044 δόντος,

275 4053 375 4102 alanos
399 4049 448 4100 nri.
472 4052 537 4100 satis
562 4053 680 4101 ostendit
703 4055 760 4104 eius
810 4056 1173 4110 utaitDemosthenesc.
1190 4055 1299 4105 l‘borm.
1358 4075 1359 4078 ¹

273 4123 347 4172 modi
370 4121 482 4186 frigidas
505 4136 537 4170 ac
564 4123 759 4182 vereieiuuas
811 4123 833 4186 i.
859 4125 901 4177 32.
925 4141 951 4189 p.
976 4124 1046 4186 954,
1069 4124 1112 4179 22.
1138 4125 1179 4174 ed.
1207 4124 1315 4175 lleislrn

274 4193 495 4242 ratiocinationes
513 4205 567 4240 nou
590 4191 759 4256 displicuisse
810 4194 916 4244 Etenim
941 4194 1062 4244 solebant
1085 4201 1132 4243 erit
1155 4199 1232 4258 pater
1256 4199 1298 4245 vel
1358 4231 1359 4234 η

276 4262 470 4324 spectatoribus
488 4261 597 4312 Atticis.
621 4289 625 4298 ν
683 4291 691 4299 ,
749 4280 751 4284 ·
810 4265 920 4315 vitricus
939 4271 986 4314 aut
1003 4280 1069 4315 avus
1090 4270 1138 4314 aut
1156 4263 1299 4315 irateraut
1358 4263 1359 4318 ζ
