2754 4772
299 386 553 450 ldrlrelvd'lrl
583 388 617 450 H
649 389 710 450 dlv
737 389 769 452 A
781 390 918 454 ΥΛΙΔΙ.
1055 387 1115 452 133

193 554 321 626 ἐλθεῖν,
347 550 459 640 φόνον
486 554 613 631 κηλῖσιν
639 558 759 638 αἴματι
782 555 910 638 χρανῶ,
1050 567 1116 636 970
1218 561 1220 568 '

195 651 225 719 εἲ
250 657 300 729 τίς
325 679 365 737 με
393 653 457 732 τὴν
484 652 546 732 σὴν
574 653 736 740 θυγατέρ’
768 653 989 738 ἐξαιρήσεται.

192 749 268 818 ἀλλ’
297 749 457 838 ἡσύχαζε·
485 748 570 830 θεὸς
598 752 658 836 ἐγώ
687 754 819 843 πέφηνά
847 779 900 822 σοι

94 841 103 854 ’
188 859 352 938 μέγιστος,
382 879 444 922 ουκ
470 849 534 918 ῶν·
561 852 637 920 ἀλλ’
670 851 760 938 ὅμως
785 854 980 942 γενήσομαι.

500 973 535 1036 Χ
544 974 611 1037 dP
620 973 702 1039 ΟΣ.

87 1067 163 1144 975
190 1070 309 1151 ἔλεξας,
336 1060 361 1136 ῶ
389 1083 451 1137 παῖ
480 1075 625 1152 Πηλέως,
654 1075 715 1138 σοῦ
745 1073 773 1137 τ’
804 1069 883 1154 ἀξια

191 1175 247 1240 ναὶ
274 1173 335 1252 τῆς
359 1176 494 1248 ἐναλίας
520 1176 690 1255 δαίμονος,
716 1176 838 1258 σεμνῆς
861 1177 963 1242 θεοῦ.
1049 1171 1139 1251 975·

333 1291 408 1356 ΚΛ
423 1289 860 1358 ΥΤΑΙΜΝΗΣΤΡΑ.

191 1381 272 1476 par?
875 1390 882 1396 ’

190 1491 261 1566 πῶς
286 1489 330 1554 ἀν
358 1488 388 1554 σ”
418 1495 628 1572 ἐπαινέσαιμι
653 1487 699 1574 μὴ
726 1491 802 1554 λίαν
827 1488 942 1574 λόγοις

189 1587 268 1674 μήτ’
300 1592 417 1668 ἐνδεῶς
445 1591 536 1656 τοῦδ’
567 1589 770 1672 ἀπολέσαιμι
796 1597 858 1670 τὴν
882 1591 1002 1681 χάρινς

188 1691 382 1776 αἰνούμενοι
407 1691 473 1778 γὰρ
501 1690 644 1774 ἀγαθοὶ
672 1688 800 1779 τρόπον
829 1689 922 1758 τινά

155 1886 189 1939 V.
208 1885 260 1938 973
289 1887 345 1938 aine
362 1887 461 1936 idonee
478 1900 560 1938 oausa
579 1887 608 1936 in
626 1887 841 1952 interpolationis
860 1887 1039 1952 suspicionem
1061 1903 1109 1938 vo·

83 1957 160 2009 eavit
177 1953 201 2004 N
208 1953 355 2006 αιιολιίιιε.
378 1957 446 2005 Vide
462 1957 535 2007 inira
552 1957 642 2008 adnot.
662 1964 765 2020 exeget.

157 2025 190 2076 V.
209 2023 269 2090 978.
305 2018 365 2087 μήι’
391 2023 486 2074 ἐνδεῶν
505 2020 581 2074 τοῦδ’
606 2019 758 2086 ἀπολέσαιμι
782 2041 833 2089 ego
848 2032 957 2074 auctore
975 2025 1054 2091 etiam
1073 2021 1107 2074 G.

83 2096 278 2146 Hermanno
304 2095 472 2144 scribendum
499 2096 602 2159 putavi.
643 2090 707 2160 μηδ’
731 2092 826 2144 ἐνδεῶν
853 2089 929 2142 τοῦδ’
956 2088 1108 2155 ἀπολέσαιμι

83 2164 270 2216 Dindorlio
288 2172 399 2214 auotoro
417 2163 600 2216 Nauokiua.
620 2161 680 2230 μήν’
699 2162 795 2214 ἐνδεῶν
812 2162 846 2228 μὴ
861 2158 937 2213 τοῦδ’
956 2158 1107 2224 ἀπολέσαιμι

85 2301 156 2352 eod.
175 2299 205 2353 B.
230 2293 290 2363 μήτ’
316 2249 411 2350 ἐνδεῶν
436 2297 469 2365 μὴ
495 2297 571 2350 τοῦδ’
594 2298 746 2364 ἀπολέσαιμι
772 2300 842 2354 (lod.
862 2302 891 2358 C.
926 2293 985 2363 μήν’
1012 2296 1107 2348 ἐνδεῶν

1 2379 2 2382 ’
84 2363 148 2436 μήτ’
166 2363 318 2428 ἀπολέσαιμι
335 2371 503 2422 lduaurua.

156 2439 189 2488 V.
209 2439 270 2493 979.
289 2438 348 2492 980.
368 2440 449 2490 hebet
467 2439 628 2490 Stobaeua
647 2440 725 2492 florii.
745 2438 823 2490 XIV.
842 2437 867 2491 5.
888 2437 940 2487 vol.
959 2437 980 2487 1.
1000 2453 1026 2502 p.
1045 2435 1105 2490 286.

158 2509 190 2560 V.
209 2509 269 2562 979.
306 2503 412 2574 ἀγαθοὶ
431 2519 502 2560 recto
526 2525 597 2559 nuno
613 2512 740 2574 aoriptum
761 2516 808 2558 aet.
837 2502 936 2571 ἀγαθοὶ
956 2506 996 2572 (οἰ
1011 2507 1105 2571 praeli·

84 2669 142 2738 τάχ’
168 2676 271 2726 εἴσεισι.
300 2683 327 2726 et
352 2690 422 2742 quae
450 2677 485 2728 ed
511 2691 571 2728 eum
622 2693 679 2728 eam
712 2678 858 2727 notionem*
883 2678 1017 2740 obtinere,
1053 2692 1107 2742 qua

83 2747 172 2796 laeum
200 2747 326 2796 adnotari
352 2763 407 2797 non
434 2748 571 2797 immemor
621 2749 703 2810 vulgo
728 2747 852 2798 dixerunt
877 2745 945 2796 θεὸν
967 2739 1033 2796 εἶναι
1059 2753 1106 2796 aut

83 2815 165 2864 huius
184 2815 269 2878 ipsius
282 2817 333 2866 looi
347 2816 422 2881 ρ.59,
437 2815 571 2874 ad.,·Gotlr.
622 2816 763 2882 γίγνεσθαί
782 2833 841 2870 arra,
867 2816 896 2862 id
915 2821 968 2876 eat,
992 2821 1022 2862 ut
1046 2829 1106 2862 eum

122 2885 154 2934 V.
172 2884 231 2936 970.
253 2882 362 2946 φόνον
381 2886 509 2949 κηλῖσιν
527 2885 569 2934 αἴ·
621 2888 777 2938 adiuvemus
805 2885 898 2946 eique,
924 2889 1052 2946 quantum
1077 2883 1105 2930 iu

83 2969 157 3012 μαιι
181 2953 299 3018 χρανῶ]
328 2954 389 3005 Non
415 2957 480 3006 satia
500 2964 571 3007 reete
621 2955 700 3006 nobie
719 2959 772 3015 eet,
790 2953 958 3016 opitulemur.
986 2950 1018 2999 In
1036 2950 1106 3000 haue

83 3023 126 3071 illi
145 3023 341 3085 indicaverunt,
360 3024 497 3089 quiquam
513 3027 571 3087 opi·
619 3024 780 3073 ¹senteutiam
805 3021 936 3071 Pliniua
960 3020 1023 3069 hiat.
1048 3025 1103 3068 nat.

83 3099 214 3141 narentur
233 3093 318 3152 αἵματι
336 3095 413 3156 quasi
427 3108 474 3156 per
487 3109 570 3156 appo·
621 3095 657 3144 11.
678 3093 693 3146 7
712 3091 760 3156 (5),
780 3091 821 3144 18.
847 3092 936 3142 Deua
956 3096 1007 3138 est
1025 3102 1121 3138 mor··

83 3161 210 3211 altionem
244 3163 353 3224 adiungi
387 3163 422 3212 ad
444 3164 570 3216 ,dativum
620 3163 684 3212 tali
716 3163 834 3210 iuvare
865 3160 1038 3209 mortalem
1073 3162 1105 3207 at

84 3225 176 3292 φόνου
203 3232 313 3294 κηλῖσιν,
341 3247 393 3280 uon
423 3233 489 3281 satie
519 3233 571 3282 hoo
620 3231 754 3283 haeoed
773 3236 943 3279 aeternam
962 3228 1104 3291 glorium

84 3299 221 3363 eleganter
255 3301 313 3348 lieri
350 3303 573 3350 existimaverunt
621 3303 683 3352 via.
714 3299 839 3348 Ceterum
858 3299 918 3346 vide
938 3311 1006 3360 quaa
1024 3310 1105 3359 aupra

83 3377 112 3420 et
136 3367 243 3429 αι”μαιοε
268 3369 359 3434 potina
383 3385 461 3434 quam
486 3370 571 3430 αλμαιι
619 3371 698 3422 adv.
718 3368 777 3422 592.
798 3368 914 3416 diximus
933 3381 958 3429 p.
975 3365 1009 3418 91
1029 3381 1069 3429 eq.

84 3439 166 3488 aoribi
187 3440 337 3489 voluerunt.
357 3438 410 3488 Sed
424 3439 463 3489 illi
483 3448 570 3491 tamen
656 3440 689 3487 V.
711 3438 772 3491 977.
807 3437 874 3484 πῶν
899 3431 936 3483 ἅν
963 3430 989 3484 α’
1016 3431 1102 3483 baar·

84 3508 171 3558 dativi
208 3522 260 3556 uon
297 3509 476 3571 appositionis
511 3510 571 3571 lege
622 3507 754 3567 νέσαιμι
778 3499 1104 3573 κιέ.]11)επῶεᾶνρετ·

84 3577 221 3628 coniuncti
240 3584 310 3636 eunt,
329 3578 441 3627 eedhoo
459 3578 570 3628 dicitur:
621 3578 709 3627 tioulia
733 3577 832 3626 dictum
856 3582 897 3623 est
917 3575 951 3640 ad
970 3573 1042 3623 Med.
1061 3573 1104 3626 97.

84 3662 176 3712 quem
203 3647 379 3709 gladium
399 3674 431 3686 -
455 3649 570 3697 oaedia
622 3664 647 3711 p.
667 3647 701 3699 93
720 3663 758 3711 sq.
778 3645 821 3695 ed.
842 3643 923 3695 Goth.
943 3643 989 3699 alt,

84 3715 225 3766 maculis
248 3715 400 3778 tinguam
424 3730 480 3778 per
502 3732 571 3766 aau-
658 3716 758 3769 V.978.
782 3708 851 3778 μήτ’
867 3711 988 3762 ἐνδεῶς
1005 3704 1102 3773 τοῦθ’]

84 3786 233 3848 guinem,
268 3790 297 3830 ut
325 3786 454 3845 sauguine
482 3787 571 3836 oaedie
622 3785 664 3834 De
676 3781 829 3848 ιαμ-μήτε
848 3785 909 3834 vide
921 3798 988 3847 quae
1000 3781 1056 3828 dixi
1070 3778 1104 3826 ad

85 3855 206 3904 maculae
225 3856 252 3902 in
273 3853 344 3902 ferro
364 3853 494 3902 oriantur.
623 3855 801 3904 Devarium
821 3854 873 3902 vol.
896 3853 930 3901 Il.
952 3867 976 3914 p.
996 3848 1046 3902 709
1063 3861 1102 3910 sq·

121 3923 154 3970 V.
173 3921 234 3974 973,
271 3916 336 3970 ἀλλ’
363 3917 449 3981 ὅμως
475 3917 569 3984 γενή-
623 3925 691 3974 conl.
708 3924 779 3972 iufra
798 3939 821 3971 v.
843 3920 918 3974 1323.
1069 3979 1074 3994 1

85 3993 199 4056 σομαι]
232 3991 314 4041 Reote
341 3992 460 4042 Achillea
491 3998 571 4053 negat
660 3993 690 4042 V.
705 3993 809 4054 979aq.
834 3984 1025 4046 αἰνούμενοι
1044 3997 1103 4044 γαρ

84 4077 113 4112 ae
133 4061 212 4110 deum
231 4075 298 4120 esee,
317 4063 363 4111 aed
383 4070 469 4112 tamen
487 4063 526 4111 ait
542 4075 572 4109 ao
623 4055 823 4124 ῶγαθολκιά]
837 4057 879 4106 De
890 4054 1022 4105 sententia
1032 4049 1103 4100 oonf.

84 4131 316 4193 Clytaemnestram
339 4131 412 4191 fore,
438 4137 467 4179 ut
489 4145 572 4194 appa·
623 4144 692 4193 quae
714 4132 831 4179 diximus
855 4139 939 4190 nuper
961 4123 995 4172 ad
1014 4119 1103 4171 Oroat.

83 4206 150 4250 reat·
161 4200 274 4249 alterum
294 4200 328 4248 ad
353 4199 437 4263 ipsam
457 4200 572 4249 Achillia
624 4198 690 4252 1161
711 4215 750 4260 aq.
769 4213 794 4262 ρ.
816 4194 873 4247 160.

84 4281 229 4334 personam
248 4274 378 4332 spectare,
396 4269 447 4318 hoo
458 4269 571 4320 alterum
660 4267 688 4316 V.
703 4268 755 4320 983
772 4281 811 4329 eq.
839 4255 903 4312 ἀλλ’
923 4255 982 4312 οὖν
1000 4259 1061 4324 ἔχει
1080 4273 1105 4309 ιι
1137 4301 1144 4308 .
