2786 4776
292 347 552 414 ΙΦΙΓΕΝΕΙΑ
578 351 618 414 Η
642 353 708 416 ΕΝ
736 353 954 422 ἸἈΥΡο1Σ.
1076 353 1135 416 157

212 517 261 580 ἔτι
286 538 355 600 μιν,
383 521 430 582 ἔτι
455 519 592 608 βρέφος,
619 525 666 586 ότι
693 524 795 613 φίλας

113 611 211 688 1250
239 617 292 681 inl
318 621 463 704 parkpoc'
488 616 669 700 ἀγκάλαισι
696 623 862 710 θρώσκων
1054 621 1135 685 1220

145 776 152 789 ,
213 707 384 794 &navensi
416 721 530 804 Φοῖβε,
555 745 640 804 μαν-

213 821 307 883 τείων
333 814 365 912 l}
394 821 513 904 ἐπέβας
541 824 685 902 ζαθέων,

212 919 347 1006 τρίποδί
373 917 401 982 τ’
433 926 469 986 iv
495 921 642 1008 χρυσέῳ

211 1015 364 1097 θάσσεις,
390 1026 424 1086 ἂν
451 1017 594 1115 ἀψευδεῖ
618 1021 740 1110 θρόντρ

112 1116 211 1192 1255
237 1124 397 1205 μαντείας
421 1124 558 1211 βροτοῖς

213 1218 401 1310 θεσφάτων
427 1230 534 1308 νέμων

212 1319 346 1388 ἀδύτων
371 1319 450 1401 ὕετο,
480 1327 674 1402 Κασταλίας
700 1321 853 1412 ῥεέθρων

210 1427 336 1506 γείτων,
361 1430 464 1510 μέσον
490 1429 553 1512 γᾶς
577 1429 659 1510 ἔχων
685 1428 873 1512 μέλαθρον.

538 1516 709 1586 ἀναστροφή.
922 1527 923 1530 ’

215 1592 315 1678 Θέμιν
343 1591 373 1660 δ’
402 1597 472 1662 inei
498 1598 560 1680 γᾶς
589 1597 648 1662 lois

181 1825 215 1874 V.
235 1823 312 1878 1223.
348 1817 371 1873 τ’
390 1823 503 1892 ἐχροοὲμ
521 1842 537 1876 s
554 1841 595 1891 pr.
614 1843 649 1876 m.
669 1826 736 1877 Cod.
755 1823 786 1877 Β.
812 1823 883 1898 Nutu
901 1828 964 1878 inde
983 1829 1051 1881 hseo
1067 1835 1133 1884 serl-

105 1901 190 1958 plure
215 1894 299 1962 fuisse
324 1896 444 1958 ridetur,
472 1897 543 1960 quod
566 1899 732 1960 praepositio
759 1895 786 1943 in
813 1897 905 1947 eodioe
929 1898 1074 1965 archetypo
1098 1905 1132 1954 ad

104 1979 208 2014 nomeu
228 1979 304 2014 suum
322 1966 463 2028 adsumpto
480 1965 540 2026 fuit,
560 1967 621 2016 ride
638 1967 672 2015 sd
691 1981 717 2017 r.
739 1963 815 2017 1208.

179 2033 214 2082 V.
233 2032 310 2086 1224.
349 2029 458 2094 insoles·
482 2032 578 2102 θρόνῳ
605 2036 712 2086 Aldus
737 2040 778 2096 et,
804 2039 834 2082 ut
861 2035 983 2099 videtur,
1009 2036 1076 2094 cod.
1102 2039 1130 2090 G.

108 2095 223 2165 ἀψευδεῖ
238 2099 323 2169 χρόνῳ
344 2102 411 2152 eod.
429 2104 457 2154 B.

180 2171 213 2220 V.
234 2172 310 2225 1225.
338 2180 400 2236 post
418 2173 526 2236 βροτοῖο
543 2175 571 2223 iu
592 2173 669 2224 libris
688 2175 787 2237 legitur·
804 2168 970 2238 ἀναφαίνων,
996 2177 1068 2241 quod
1087 2193 1133 2228 ex·

103 2244 207 2306 punxit
226 2243 326 2306 primus
347 2241 531 2294 Seidlerus.
551 2240 697 2308 θεσφάτων
714 2239 783 2304 ἐμῶν
801 2246 871 2294 libri.
885 2241 1030 2310 θεσφάτων
1048 2245 1133 2309 νέμων

104 2311 333 2375 Muegrurius.
493 2337 518 2376 -,

178 2381 213 2430 V.
233 2381 309 2434 1277.
347 2375 400 2429 ὕπο
422 2379 604 2432 Seidlerue.
624 2377 689 2446 ότιὲρ
708 2381 779 2434 libri.

178 2451 212 2500 V.
229 2451 309 2504 1229.
346 2447 400 2499 ἐπεὶ
421 2449 582 2516 Scaliger.
608 2449 650 2500 ἐπὶ
672 2452 743 2504 libri.
772 2449 879 2502 Deinde
903 2448 953 2518 peip
979 2448 1044 2501 ἑλόν
1067 2453 1132 2506 εστίν

104 2521 225 2570 bendum
244 2536 301 2571 esse
321 2521 359 2570 uit
376 2520 630 2584 Kirolrhoiliue‚
649 2518 725 2586 γάϊον
742 2519 925 2572 Neuekius.
1068 2547 1070 2557 =

103 2733 136 2776 to
155 2726 189 2777 ab
208 2725 336 2790 Apolline
355 2723 480 2787 Pythone
501 2727 595 2779 dreoo·
646 2728 899 2778 consulentibus
927 2727 1003 2777 dere
1031 2728 1131 2791 cogit.

102 2811 141 2846 ne
169 2795 239 2845 conl.
263 2793 419 2859 Apollod.
445 2795 508 2849 bibl.
527 2797 595 2864 1..4‚
646 2795 724 2850 Coos.
743 2798 870 2848 Homer.
890 2799 979 2861 hymn.
998 2798 1026 2846 in
1039 2799 1131 2861 Apoll.

103 2865 133 2918 3.
154 2863 247 2916 ovid.
268 2864 333 2914 Met.
353 2861 443 2916 1.441
466 2879 522 2930 sqq.
644 2866 705 2921 443.
731 2864 758 2915 όν
776 2861 801 2914 l'
825 2864 923 2916 ἄθυτον
947 2864 1131 2916 κατέδυσε-θεὰ

143 2933 275 2987 21216.
313 2928 526 3000 κατάχαλκον]
555 2943 596 2986 est
646 2933 778 3000 τριπόδων
796 2933 925 3000 ἐριτίμων.

104 3018 218 3068 serpeus
236 3003 350 3054 aeneis
374 3007 520 3066 squamis
545 3007 595 3055 ob·
682 3007 714 3054 V.
726 3005 794 3057 1227
805 3021 862 3070 sqq.
881 3004 1064 3056 Kouralios
1084 2998 1131 3068 ρε-

105 3075 240 3136 duotus,
263 3079 293 3120 ul
321 3067 478 3134 κατάχαλκον
504 3071 595 3123 πεδίον
646 3073 755 3138 όθρων
785 3075 918 3138 γείτων]
944 3073 1073 3122 Probus
1097 3073 1132 3122 etl

105 3159 238 3207 campus
263 3141 378 3191 aeneis
409 3143 513 3194 ur'mis·
538 3145 595 3194 ob·
646 3143 728 3207 Verg.
749 3142 848 3207 Georg.
869 3145 911 3196 lll.
937 3141 997 3193 293.
1016 3141 1132 3190 Ceste·

103 3210 560 3266 rutustlioilurinPhoeu.110.
645 3213 712 3262 lius
742 3213 816 3262 fons
847 3222 898 3262 est
928 3210 1071 3273 Delphis
1098 3211 1132 3258 in

143 3283 178 3332 V.
195 3281 328 3346 1225sqq.
349 3283 501 3342 μαντείας
518 3281 593 3345 pipo·
646 3282 845 3346 Apollinis
883 3280 1040 3340 oruoulo,
1076 3279 1132 3342 qui

106 3355 181 3400 τοῖς
198 3379 232 3388 -
257 3349 375 3413 νόμον]
401 3349 479 3402 Con-f.
505 3349 592 3400 Orosi.
645 3345 1131 3414 obluitipesmurumdei.00uf.

104 3421 168 3474 592.
195 3415 326 3470 Ἀπόλλων
353 3415 384 3468 ὃν
408 3417 595 3481 praepollens
646 3420 748 3468 Phoeu.
775 3417 835 3470 224.
860 3427 887 3468 et
911 3432 979 3483 quae
1008 3419 1041 3466 ed
1072 3433 1132 3466 eum

107 3488 186 3554 ἔδρας
205 3488 296 3540 Ναίων
314 3488 435 3553 βροτοῖσι
453 3487 534 3550 στόμα
553 3488 593 3538 νέ·
644 3490 731 3539 locum
751 3489 880 3564 adnopuvi
898 3504 923 3553 p.
938 3487 980 3541 55.
1001 3488 1034 3537 ed
1049 3484 1130 3539 Goth.

106 3576 147 3620 pet
166 3559 337 3621 σαφέστατον.
679 3558 711 3607 V.
731 3557 809 3610 1228.
846 3557 944 3619 μέσον
968 3557 1027 3620 puls
1051 3555 1132 3620 ἔχων

142 3629 176 3682 V,
198 3630 272 3682 1227.
299 3619 425 3675 άδότον
443 3621 516 3690 ὕπο]
535 3627 594 3677 Ηοε
644 3625 825 3698 μέλαθρον]
846 3629 915 3678 Vide
935 3627 1061 3677 Phoen.
1079 3625 1131 3678 239

106 3699 239 3748 vocabulo
252 3692 355 3747 ἀδύτων
374 3696 440 3744 illud
459 3696 594 3758 profuu·
644 3713 684 3761 sq.
703 3703 730 3746 et
748 3713 817 3762 qliae
836 3699 892 3747 dixi
911 3699 946 3748 ed
965 3711 1024 3746 eum
1044 3697 1131 3746 loourn

105 3769 179 3818 dum
199 3774 308 3819 serrae
326 3767 473 3815 foramen
487 3765 593 3828 dieitur,
644 3783 669 3830 p.
680 3766 761 3830 57sq.
781 3775 836 3816 tum
850 3766 936 3819 Orest.
950 3766 1010 3820 331.
1023 3772 1049 3815 et
1064 3779 1131 3829 quae

106 3838 202 3901 quod,
224 3846 253 3887 ut
271 3836 309 3885 eit
327 3835 477 3885 Iustinus
497 3833 594 3885 XXIV.
622 3889 625 3898 ,
645 3837 680 3886 ed
699 3851 756 3885 eum
776 3837 863 3887 locum
882 3839 954 3887 (lietu
972 3841 1034 3887 suni
1047 3850 1073 3897 p.
1088 3833 1130 3885 69.

105 3907 132 3970 6,
151 3907 186 3972 9.,
209 3909 244 3957 iu
267 3907 409 3955 oraculo
425 3910 533 3968 petet,
557 3919 596 3954 ex
646 3907 687 3957 ed.
707 3904 788 3958 Goth.

106 3992 171 4041 quo
197 3975 346 4040 frigidus
372 3975 535 4038 spiritus,
561 3975 594 4024 vl
679 3975 712 4028 V.
727 3974 810 4030 1259:
828 3972 924 4036 Θέμιν
943 3967 969 4021 δ’
988 3968 1055 4018 luel
1075 3966 1132 4030 γᾶν

105 4048 247 4111 quadem
278 4045 368 4093 velut
398 4051 529 4094 umento
561 4045 594 4093 in
645 4039 704 4092 ἰών
730 4041 838 4107 παῖδ’]
869 4043 945 4095 Nihil
976 4037 1131 4088 offensionis

104 4117 246 4166 sublime
277 4113 440 4182 expulsus
466 4120 593 4164 menter
644 4113 695 4165 hoo
713 4114 812 4165 hebere
829 4119 931 4177 potest,
953 4107 1027 4171 quod
1046 4105 1131 4154 Tem

104 4194 213 4237 vatum
232 4187 263 4236 iu
282 4184 475 4234 vecordium
490 4185 595 4233 vertit
644 4183 724 4232 modo
740 4183 864 4248 primodo
882 4173 1031 4244 promtum
1044 4181 1131 4225 sulem

104 4255 328 4323 impletaeque
346 4255 406 4304 deo
425 4267 608 4316 respousa.
644 4243 1131 4318 Futueppellelur,quumGreeelrens
1233 4272 1236 4276 -
