2800 4774
452 364 759 436 PROOEMIUM.
1074 373 1110 436 11
1220 405 1228 414 -

15 545 16 552 ’
87 538 231 625 pyles,
261 538 347 602 iret'
371 535 556 622 indeque
589 537 638 603 de
666 539 828 625 templo
863 537 1025 604 Dianae
1056 541 1113 606 si·

119 647 213 690 num
237 626 378 710 Argos
404 619 611 688 adferretr
641 633 744 690 tunc
767 625 896 690 finem
919 624 1009 689 fore
1032 647 1113 690 ma·

86 647 235 776 iorum.
279 707 408 778 Sorte
432 705 578 772 audita
600 730 687 774 eum
712 708 890 798 Pylade,
916 708 1113 796 Strophii

88 794 212 877 filio,
243 793 393 860 sodale
426 815 503 858 suo
527 815 668 860 navem
691 793 969 878 conscendit,
1001 795 1114 860 cele·

88 879 290 962 riterque
328 879 377 945 ad
414 879 624 945 Tauricos
664 881 773 946 sines
816 890 1113 965 pervenerunt.

86 963 281 1046 vQuorum
306 965 336 1038 ²¹¹>
359 963 444 1030 fuit
467 965 733 1051 institutum,
757 975 799 1032 ut
828 967 899 1049 qui
922 965 1041 1030 intre
1063 967 1114 1030 ii·

89 1073 163 1116 nes
196 1071 337 1118 eornm
373 1051 530 1136 hospes
568 1053 790 1134 venisset,
820 1050 981 1136 templo
1012 1049 1116 1116 Dia·

88 1135 499 1208 naerimmolaretur.
544 1136 629 1204 Ubi
655 1137 833 1204 Orestes
856 1146 895 1202 et
928 1135 1115 1223 Pylades

89 1244 217 1304 quum
239 1221 503 1306 inspelunca
525 1245 567 1291 se
585 1232 834 1288 tutarentur
853 1231 894 1288 et
917 1223 1116 1288 occasio·

89 1329 181 1372 uem
205 1329 252 1372 ca
290 1311 451 1389 tarent,
479 1329 498 1372 a
520 1309 762 1394 pastoribus
786 1307 1042 1394 deprehensi
1065 1305 1117 1372 ad

89 1414 231 1480 regem
286 1392 483 1458 boantem
507 1403 603 1460 eunt
625 1392 809 1460 deducti.
843 1391 1116 1474 QuosThoae

90 1501 167 1544 suo
196 1499 308 1542 more
337 1477 508 1544 iunctos
539 1480 580 1542 in
613 1479 816 1565 templum
855 1479 1037 1561 Dianae,
1071 1487 1119 1544 ut

90 1561 439 1653 immolarentur,
464 1561 560 1630 duci
582 1563 731 1645 iussit,
762 1563 833 1630 ubi
864 1561 1117 1649 Iphigenia,

92 1647 270 1714 Orestis
294 1669 435 1732 soror,
459 1649 541 1716 fuit
563 1649 782 1731 sacerdos,
813 1671 968 1733 eosque
990 1671 1038 1714 ex
1060 1649 1118 1714 si·

91 1732 189 1821 gnis
221 1742 350 1817 atque
392 1734 673 1820 argumentis,
706 1735 777 1818 qui
814 1743 978 1814 essent,
1018 1733 1120 1817 quid

92 1819 341 1901 venissent,
373 1828 601 1906 postquam
631 1817 804 1900 resciit,
838 1819 1023 1884 abiectis
1046 1819 1120 1884 mi·

92 1903 297 1972 nisteriie
326 1905 426 1990 ipsa
455 1903 604 1989 coepit
632 1905 795 1990 signum
820 1903 983 1968 Dianae
1006 1903 1120 1968 evel-

92 1989 194 2056 lere.
238 1987 427 2072 Quorex
449 1989 913 2074 quuminterrenisset
941 1997 1048 2054 etro
1089 1987 1121 2052 i-

92 2085 229 2157 teret,
260 2097 332 2142 cur
354 2072 395 2139 id
417 2074 605 2157 iaceret,
629 2075 705 2139 illa
732 2073 937 2140 ementita
963 2082 1030 2140 est
1058 2011 1120 2138 li-

93 2161 244 2246 citque
267 2183 338 2226 ecs
362 2161 605 2228 sceleratos
635 2161 803 2247 signum
833 2158 1121 2226 contaminas·

94 2269 158 2324 se;
195 2244 306 2330 quod
346 2245 466 2332 impii
503 2256 544 2312 et
586 2245 802 2312 scelerati
837 2244 1035 2311 homines
1079 2244 1122 2310 in

15 2371 16 2378 κ
93 2330 297 2418 templum
329 2341 474 2396 essent
509 2328 705 2414 adducti,
742 2331 906 2418 signum
945 2330 1121 2414 expian-

15 2425 17 2454 ἰ
94 2417 186 2482 dum
216 2416 257 2480 in
289 2437 400 2482 mare
423 2417 540 2482 ferre
571 2425 771 2504 oportere
794 2415 1121 2500 etiubereeum

94 2499 364 2569 interdicere
396 2502 588 2586 civibus,
622 2524 669 2567 ne
702 2502 798 2586 quis
828 2523 969 2567 eorum
999 2510 1123 2566 extra

15 2589 17 2620 ³
95 2588 241 2654 urbem
275 2587 426 2652 exiret.
472 2587 559 2654 Rex
589 2579 971 2654 sacerdoti'dicto
1001 2585 1122 2651 audi·

97 2695 171 2740 ens
193 2673 286 2738 fuit.
330 2671 612 2749 Occasionem
635 2672 867 2760 Iphigenia
891 2680 1038 2754 nacta,
1063 2671 1123 2738 si·

96 2781 179 2860 gno
201 2757 397 2841 sublato,
428 2781 514 2824 cum
545 2758 683 2823 fratre
714 2757 871 2828 Oreste
894 2765 938 2823 et
959 2756 1123 2844 Pylade

95 2866 138 2908 rn
162 2865 311 2921 navem
344 2843 561 2927 ascendit,
592 2853 806 2928 ventoque
851 2843 1043 2909 secundo
1074 2841 1124 2906 ad

96 2928 282 2996 insulam
320 2926 545 2996 Sminthen
593 2927 641 2993 ad
685 2926 878 3014 Chrysen
917 2925 1123 2994 sacerdo-

95 3025 176 3080 tem
201 3013 427 3100 Apollinis
450 3014 588 3079 delati
611 3022 719 3080 sunt.
1010 3042 1013 3047 ·

99 3155 102 3158 -
185 3115 361 3182 Hactenus
406 3117 602 3204 Hyginus
655 3123 884 3202 argumentum
930 3113 1123 3200 Iphigeniae

15 3233 16 3274 ι
96 3201 260 3268 Tauricae
283 3199 471 3287 descripsit.
506 3201 639 3283 Quibus
660 3211 769 3267 autem
796 3221 836 3266 ex
858 3200 961 3264 initiis
984 3207 1062 3262 nata
1080 3199 1125 3261 sit

15 3295 16 3298 ’
98 3305 144 3354 et
159 3309 225 3372 qua
248 3288 447 3355 auctoritate
469 3288 526 3352 illa
549 3286 590 3350 de
607 3286 778 3374 Iphigenia
801 3288 834 3350 in
851 3287 1036 3349 Taurorum
1059 3292 1124 3346 ter-

97 3395 168 3438 ram
205 3373 364 3441 translata
402 3375 487 3442 fama
524 3373 664 3452 nitatur,
698 3371 732 3435 id
762 3369 917 3436 subtilius
951 3366 1125 3452 exquirere

125 3480 301 3542 numquam
323 3457 365 3524 ad
394 3458 481 3524 hanc
509 3457 614 3542 ipsam
644 3457 789 3522 fabulam
819 3464 909 3520 recte
939 3453 1125 3540 intelligen-

99 3483 187 3625 dum,
209 3552 248 3608 ut
270 3543 414 3632 ingenue
429 3543 473 3610 G.
491 3543 758 3608 Hermannus
779 3541 951 3626 protessus
974 3547 1037 3621 cst,
1061 3561 1125 3604 non

98 3629 238 3696 multum
255 3637 314 3694 aut
332 3628 415 3694 nihil
433 3628 564 3695 omnino
588 3629 737 3693 conferre
752 3626 894 3709 videtur,
917 3635 1026 3692 tamen
1046 3624 1126 3689 tiro·

15 3723 16 3776 1
99 3735 303 3780 num-causa
325 3713 391 3780 hoc
411 3713 485 3780 loco
501 3715 628 3801 'ponam
651 3735 708 3796 ea,
732 3713 772 3778 dc
797 3711 918 3798 quibus
948 3731 1037 3777 nunc
1057 3711 1126 3776 fere

154 4014 369 4080 *)‚Quorum,
395 4033 488 4082 nempe
509 4016 719 4082 'Tarmel-um,
747 4035 799 4069 non
837 4017 1057 4070 Taurinorum
1086 4017 1128 4066 ii·

179 4115 184 4134 «
207 4087 305 4136 nium.
343 4085 430 4151 Saepe
455 4089 525 4138 enim
545 4089 594 4136 hcc
614 4087 736 4138 liberiore
757 4088 862 4140 dicendi
881 4091 986 4140 ratione
1005 4089 1046 4137 usi
1065 4091 1127 4136 sunt

206 4156 297 4205 Latini
309 4157 461 4222 scriptores,
480 4159 638 4220 posterioris
657 4156 752 4208 astatis
772 4161 893 4212 maxime.
926 4153 1128 4208 vineatici-

207 4225 243 4294 ¹lii
263 4223 342 4279 Noct.
365 4231 422 4276 Att.
442 4227 478 4277 11.
498 4227 524 4290 6,
543 4226 587 4278 301.
