2784 4776
281 371 320 438 12
637 365 944 432 PROOEMIUM.

279 541 365 605 inter
396 536 627 627 grammaticos
656 535 851 602 convenisse
879 523 1048 601 videatur.¹
1094 533 1184 600 Illud
1214 535 1303 600 enirn

279 624 371 712 quod
401 623 501 712 volgo
525 645 545 688 a
577 621 826 710 mythographis
854 619 993 688 Graecis
1022 614 1165 686 traditur
1194 631 1230 685 et
1260 621 1303 686 ab

279 711 291 775 i
316 730 354 775 so
377 706 538 796 Euripide
568 707 712 793 positum
736 707 843 774 estin
873 705 935 772 hac
957 706 1070 772 fabula
1089 731 1121 772 v.
1146 709 1189 773 30
1212 727 1302 790 sqq.,

280 735 488 896 iphigeniam
509 793 639 878 inipso
669 793 830 859 sacrificio
858 813 957 858 cerva
979 792 1050 861 eius
1072 791 1147 858 loco
1177 813 1304 879 suppo-

280 891 387 948 sitae
409 880 536 960 Diana,
570 879 625 944 cui
664 877 746 944 deae
773 877 996 943 immolaretur
1019 877 1159 961 Aulide,
1191 888 1303 942 trans·

279 968 379 1034 latam
400 987 472 1032 esse
494 966 529 1030 in
552 964 636 1029 fines
659 965 859 1046 Taurorum,
892 963 950 1048 qui
977 972 1135 1049 parerent
1156 985 1196 1028 eo
1219 972 1302 1027 tem-

279 1075 361 1142 pore
389 1053 462 1138 regi
489 1051 650 1132 Thoanti,
682 1046 720 1114 rit
746 1049 793 1114 ibi
821 1048 977 1115 sacerdos
1013 1050 1139 1137 templo
1170 1048 1302 1113 Dianae
1379 1085 1380 1088 =

279 1146 450 1227 praeesset
471 1147 504 1201 et
525 1135 688 1201 sacrificia
710 1133 910 1200 advenarum
933 1134 1072 1200 maxime
1095 1133 1302 1200 Graecorum

280 1231 484 1314 procuraret,
507 1230 683 1308 propterea
704 1222 856 1302 tortasse,
873 1229 922 1303 ut,
945 1221 1024 1306 quia
1036 1221 1110 1306 ipsa
1133 1219 1303 1285 immolata

281 1319 372 1376 esset
393 1330 456 1394 pro
478 1304 636 1388 Graecis,
666 1329 759 1372 suam
787 1304 922 1371 caedem
951 1304 1195 1392 quodammodo
1228 1305 1302 1369 illo·

281 1417 354 1459 rum
394 1391 495 1458 caede
530 1392 664 1458 ulcisci·
682 1392 870 1474 videretur,
909 1390 942 1456 id
979 1391 1204 1478 grammatici,
1244 1390 1302 1474 qni

281 1479 360 1546 olim
405 1477 581 1544 admodum
618 1477 708 1543 varie
744 1477 786 1543 de
816 1477 878 1542 hac
920 1477 1009 1542 fama
1047 1476 1302 1559 iudicaverunt,

281 1586 369 1630 nuno
397 1564 445 1629 sic
474 1565 541 1630 fere
570 1561 802 1649 explicandum
832 1583 903 1629 esse
932 1571 1129 1628 statuerunt.
1180 1561 1304 1627 Fuisse

281 1649 360 1717 olim
380 1649 469 1735 apud
492 1649 650 1736 Pelasgos
673 1647 786 1733 deam,
820 1669 971 1735 magnam
996 1657 1096 1732 atque
1119 1656 1303 1734 potentem,

280 1736 335 1804 cui
364 1736 515 1801 victimae
546 1734 708 1800 humanae
740 1743 980 1815 mactarentur,
1003 1757 1099 1818 quae,
1125 1755 1191 1819 qua
1213 1744 1306 1800 esset

280 1821 430 1908 potentia
458 1844 497 1888 nc
524 1819 767 1908 magnitudine,
800 1827 966 1905 ίφιγίνεια
998 1828 1085 1904 esset
1123 1820 1303 1905 appellata,

281 1907 376 1994 qnasi
400 1929 484 1991 quae
509 1906 581 1972 aliis
604 1906 688 1972 locis
711 1905 877 1971 diceretur
897 1902 1024 1989 μεγάλη
1045 1901 1146 1982 θεός,
1169 1903 1304 1970 eadem-

304 2015 363 2076 ue,
396 1990 487 2078 quod
517 1992 569 2057 vel
597 2000 689 2058 stans
719 2013 819 2078 super
841 1999 936 2058 tauro
959 1989 1013 2054 vel
1033 1997 1129 2056 tauro
1151 1990 1303 2056 insidens

281 2015 479 2167 dngeretur,
514 2087 649 2166 propter
669 2077 875 2142 ferocitatem
903 2073 1022 2158 oredo,
1057 2075 1156 2142 etiarn
1179 2083 1304 2156 ταυρο-

280 2172 396 2247 moloc,
418 2165 597 2246 ταιιριιόνη,
621 2163 761 2247 τααριιιή
784 2162 890 2244 dicta,
923 2183 989 2246 qua
1012 2160 1110 2226 dere
1135 2159 1303 2226 videndus

278 2257 333 2315 est
347 2249 407 2314 Ez.
434 2246 717 2337 Spanhemius
739 2246 781 2314 ad
798 2247 994 2314 Callimachi
1014 2245 1125 2334 hymn.
1147 2246 1183 2311 in
1201 2243 1301 2312 Dian.

283 2335 354 2416 113.
386 2337 456 2403 187.
484 2344 553 2400 tum
585 2331 627 2399 G.
657 2334 924 2401 Hermannus
961 2329 1005 2396 ed
1039 2332 1216 2419 Sophoclis
1247 2334 1301 2399 Αἰ.

283 2421 354 2484 172:
383 2442 416 2504 p.
441 2422 482 2484 ‘29
516 2418 567 2486 ed.
591 2441 655 2484 sec.
701 2419 754 2484 De
783 2418 846 2484 dea
874 2417 936 2484 hac
971 2416 1148 2506 Ihigenia
1176 2441 1302 2504 cogno-

279 2504 404 2568 minata
425 2513 543 2570 testem
566 2503 737 2589 appellant
758 2503 961 2586 Hesiodum,
989 2441 1031 2569 de
1061 2527 1127 2590 qno
1148 2501 1301 2568 Pausa·

280 2591 374 2654 nias
396 2587 451 2654 lib.
474 2587 502 2655 1.
525 2611 553 2653 c.
577 2593 628 2653 43.
652 2592 682 2670 ξ.
707 2595 735 2657 l.
758 2588 841 2656 haec
865 2589 1001 2655 reserate
1024 2597 1180 2694 Λέγουσι
1201 2593 1240 2657 δὲ
1262 2590 1301 2656 εί·

278 2699 337 2739 ναι
357 2679 414 2740 καὶ
441 2678 635 2762 Ἰφιγενείας
665 2675 794 2758 ἡρῷον·
823 2676 1018 2742 ἀποθανεῖν
1046 2701 1110 2761 γαρ
1141 2679 1197 2741 καὶ
1227 2673 1301 2741 ταύ-

279 2782 341 2840 την
369 2766 404 2824 ἐν
426 2758 610 2845 Μεγάροις.
651 2757 732 2842 Ἐγώ
754 2761 790 2826 δὲ
817 2757 946 2842 η”κουσα
967 2764 1029 2844 μὲν
1059 2764 1114 2826 καί
1142 2756 1247 2826 ἄλλον
1270 2768 1303 2836 ἐς

277 2844 478 2996 &hilgaudi
512 2841 694 2996 λᾴγοφντύιί
723 2844 892 2998 ’.γίριιάῗφν
921 2843 1233 2995 λεγόμενογ,Ίοῖδα
1266 2849 1301 2910 δέ

255 2955 406 3081 ...Ἰίι
427 2954 823 3108 ε.ἶῗί’ί..ίι,“.ίίίῖἶιῖ
836 2955 1300 3110 tlttttt‘tttmtttt.

279 3101 378 3168 Hanc
400 3099 506 3184 deam,
529 3102 623 3168 cuius
646 3101 735 3184 olim,
770 3103 925 3188 quoniam
946 3101 1161 3189 Pelasgorum
1184 3100 1219 3166 di
1242 3124 1301 3167 no-

278 3188 368 3252 mina
389 3211 456 3252 non
479 3187 665 3254 habuerunt
684 3187 763 3270 ulla,
787 3197 826 3254 ut
848 3187 1156 3254 aitHerodotus
1179 3187 1238 3254 lib.
1254 3188 1300 3252 ll.

279 3295 308 3339 c.
331 3275 396 3354 52,
418 3295 540 3338 nomen
563 3272 688 3338 nullum
709 3273 844 3358 fuisset,
870 3281 996 3363 postea
1032 3271 1192 3340 creditam
1215 3273 1301 3338 Dia-

278 3380 354 3423 nam
376 3381 467 3442 esse,
490 3357 579 3424 unde
601 3358 690 3423 facta
712 3368 801 3425 esset
816 3357 970 3460 Ἄρτεμις
988 3359 1179 3448 Ἰφιγένεια,
1202 3358 1303 3424 Dia-

278 3465 328 3506 na
350 3443 602 3594 oopnomine
625 3441 895 3532 Iphigeniae,
918 3463 1012 3510 curus
1034 3443 1191 3511 sacellum
1213 3444 1303 3510 Her·

186 3609 187 3618 γ
278 3527 385 3594 mione
422 3530 511 3596 uisse
542 3538 656 3596 narrat
676 3528 914 3597 Pausanias
936 3529 994 3596 lib.
1018 3529 1065 3595 11.
1088 3552 1117 3596 c.
1141 3534 1193 3596 35.
1216 3533 1249 3612 ξ.
1272 3533 1303 3596 3.

278 3618 335 3676 καί
354 3613 546 3695 Ἀρτέμιδος
567 3617 738 3694 ἐπίκλησιν
751 3616 946 3703 Ἰφιγενείας
965 3621 1057 3683 ἐστίν
1071 3611 1175 3699 ἱερόν,
1196 3613 1303 3680 idem-

276 3710 343 3782 que
364 3695 512 3765 eiusdem
534 3698 618 3766 deae
639 3700 798 3786 templum
813 3701 959 3790 Aegirae
977 3701 1013 3767 in
1033 3701 1168 3768 civitate
1186 3700 1304 3768 Acha-

277 3787 328 3847 iae
355 3783 457 3850 fuisse
487 3785 587 3850 refert
615 3784 666 3850 his
688 3787 815 3854 verbis:
843 3787 1037 3872 Ἀρτέμιδος
1065 3791 1102 3853 δὲ
1129 3785 1213 3864 ναὸς
1246 3795 1305 3852 καὶ

276 3865 410 3954 ἄγαλμα
438 3874 554 3954 τέχνης
582 3874 641 3952 τῆς
669 3871 719 3960 ἐφ’
742 3873 852 3957 ἡμῶν·
884 3871 1013 3958 ἱερᾶται
1043 3874 1079 3939 δὲ
1108 3877 1303 3960 παρθένος,

277 3953 334 4032 ίςε’
358 3947 401 4048 ἄν
417 3961 450 4032 ἐς
472 3953 563 4044 ὥραν
583 3955 748 4044 ἀφίκηται
771 3957 892 4044 γάμον.
925 3965 1040 4038 ἕστηκε
1062 3960 1098 4024 δὲ
1120 3963 1178 4024 καὶ
1198 3953 1304 4042 ἄγαλ-

274 4065 323 4122 μα
345 4041 499 4106 ἐνταῦθα
526 4039 679 4130 ἀρχαῖον,
700 4039 880 4134 Ἰφιγένεια
907 4041 929 4123 ἡ
956 4042 1225 4128 Ἀγαμέμνονος,
1259 4042 1304 4119 ὠς

276 4129 309 4190 ol
324 4129 522 4213 Αἰγειρᾶταί
557 4147 673 4216 φασιν·
696 4134 725 4194 εί
740 4127 775 4194 δὲ
796 4127 916 4209 ἀληθῆ
935 4131 1091 4212 λέγουσιν
1107 4119 1220 4209 οὗτοι,
1246 4129 1303 4206 δῆ-

274 4206 334 4286 λός
354 4217 445 4277 ἐστιν
466 4212 500 4291 ἐξ
523 4209 626 4295 ἀρχῆς
647 4210 824 4296 Ἰφιγενείᾳ
853 4213 1014 4292 ποιηθεὶς
1037 4211 1056 4278 ὁ
1077 4207 1184 4295 ναός,
1208 4211 1302 4278 simi·
