2790 4774
449 350 757 448 rnoounnmu.
906 475 919 492 ·
982 421 990 435 .
1088 387 1106 448 r

92 555 191 622 matri
205 551 471 704 persuaderent,
495 571 533 616 ut
555 552 619 618 sihi
641 554 847 641 Iphigeniam
870 553 1028 620 Aulidem
1049 555 1107 620 ad·

93 641 203 708 ducen
228 662 280 704 am
303 637 540 720 committeret,
571 637 656 705 hanc
678 640 847 706 finxerunt
865 639 1047 722 fallaciam,
1071 651 1109 707 ut

92 750 167 792 eam
190 723 314 790 Achilli
342 732 484 808 nuptum
516 723 629 789 datum
652 727 693 789 iri
723 725 922 810 dicerent*).
950 725 1109 791 Adducta

91 810 271 900 Iphigenia
299 833 401 894 quum
430 809 464 876 in
493 832 532 874 eo
563 829 668 892 essct,
699 821 736 875 ut
760 813 1018 899 Agamemnonis
1040 812 1109 876 filia

91 897 329 979 immolaretur,
353 894 464 960 Iliana
486 893 607 960 dicitur
620 900 774 962 miserata
797 897 956 982 virginem
978 921 1113 964 cervam·

93 986 166 1048 eiua
194 982 268 1048 loco
290 981 526 1066 supposuisse,
558 1005 642 1066 quae
671 983 880 1066 caederetur,
901 983 1008 1068 ipsam
1029 1005 1124 1049 vero-

92 1071 128 1136 in
159 1080 280 1134 terram
307 1067 481 1132 Tauricam
508 1069 700 1149 sustulisse,
729 1091 868 1153 eamque
895 1063 1019 1155 templo
1047 1091 1108 1136 suo

92 1153 217 1224 inillis
240 1152 362 1219 linibus
384 1150 588 1218 sacerdotem
601 1155 810 1240 'praefecisse
833 1155 895 1238 ”).

181 1273 256 1339 Hac
279 1268 445 1338 communi
466 1273 534 1338 fere
557 1272 700 1337 omnium
718 1274 810 1338 'fama
827 1272 1005 1362 Euripides
1028 1299 1107 1342 risus

90 1366 143 1427 'ita
166 1369 228 1443 est,
250 1370 288 1424 ut
304 1383 403 1444 quum
427 1359 459 1422 in
475 1357 652 1446 Iphigenia
675 1359 817 1424 Taurica
840 1385 870 1424 v.
890 1362 931 1424 14
945 1381 994 1444 sq.
1017 1359 1109 1449 Iphi-

94 1447 227 1537 geniam
249 1444 463 1522 tantumhoc
491 1445 653 1510 dicentem
673 1442 834 1528 lecisset,
866 1465 901 1510 se
923 1445 1034 1512 Ulixis
1059 1471 1109 1513 ar·

94 1535 187 1599 tibus
211 1553 250 1596 ac
275 1529 455 1596 mendaciis
478 1529 633 1596 Aulidem
658 1553 729 1596 esse
753 1533 962 1614 arcessitam,
991 1533 1025 1596 in
1046 1534 1110 1600 hac
1152 1567 1156 1578 ·

94 1619 208 1684 fabula
236 1617 396 1705 fingeret,
433 1639 500 1682 non
531 1616 571 1680 ab
604 1615 669 1681 illis
704 1613 867 1681 Graeciae
903 1618 1109 1705 principibus
1213 1681 1217 1692 .

94 1703 254 1772 Aulidem
291 1703 500 1789 congregatis
531 1702 650 1766 missos
687 1723 778 1784 esse,
817 1703 873 1786 qui
905 1701 1110 1770 adducerent

95 1790 323 1878 Iphigeniam,
354 1786 412 1853 sed
434 1787 543 1874 ipsum
566 1791 847 1874 Agamemnonem
868 1787 1014 1854 Menelai
1038 1814 1110 1876 pra·

95 1878 211 1957 cibus,
232 1874 354 1941 -Ulixis
385 1873 543 1954 fallaciis,
578 1870 742 1938 exercitus
766 1874 888 1944 totius·
903 1873 999 1942 minis
1022 1899 1109 1940 com-

95 1971 222 2028 motum
245 1961 394 2042 misisse,
419 1959 476 2044 qui
501 1957 707 2046 Iphigeniam
731 1973 946 2044 arcesserent,
971 1961 1110 2026 cumlit·

95 2049 177 2114 teris
207 2045 248 2111 ad
272 2043 568 2132 Clytaemnestram
600 2044 704 2128 datis,
735 2044 768 2110 in
799 2045 918 2132 quibus
947 2045 1010 2124 hoc
1034 2070 1109 2132 per·

8 2175 10 2182 ν
97 2133 264 2220 scriptum¹
289 2133 380 2213 erat,
410 2140 449 2194 ut
476 2129 670 2218 Iphigenia,
699 2129 788 2215 quod
818 2153 858 2194 ea
887 2153 964 2196 ase
986 2133 1112 2197 Achilli

96 2221 265 2306 desponsa
287 2217 489 2300 essetisque
511 2216 622 2302 prius,
645 2238 743 2301 quam
766 2215 900 2284 Troiam
922 2218 1112 2304 proficisce-

96 2316 208 2388 retur,
241 2303 330 2367 illam
359 2303 393 2366 in
423 2303 665 2368 matrimonium
695 2301 815 2366 ducere
845 2313 999 2388 cuperet,
1037 2328 1112 2369 cum

98 2392 177 2456 dote
201 2401 234 2455 et
257 2400 367 2454 cetero
387 2388 576 2474 nuptiarum
599 2397 761 2475 apparatu
788 2387 941 2453 Aulidem
969 2389 1113 2455 adduce·

9 2499 10 2548 t
98 2489 199 2544 retur.
242 2475 318 2540 Hoc
341 2475 458 2541 nuntio
481 2473 524 2538 ad
545 2471 842 2562 Clytaemnestram
868 2475 967 2540 misso
990 2475 1112 2541 factum

9 2573 10 2622 i
98 2587 172 2630 csse
198 2559 375 2646 Euripides
397 2559 511 2646 fingit,
543 2569 580 2624 ut
605 2561 887 2646 Agamemnonem
911 2561 1039 2628 consilii
1060 2563 1136 2627 sui.

9 2669 10 2706 1
98 2649 302 2737 poeniteret,
336 2667 431 2730 quem
454 2647 519 2710 iam
540 2646 619 2710 facit
642 2669 716 2710 cum
738 2667 816 2710 sene
839 2645 929 2710 fideli
951 2658 1113 2736 agentem,

9 2723 11 2790 l
99 2745 137 2802 ut
158 2735 188 2798 is
212 2737 322 2820 Argos
367 2730 575 2798 roficiscatur
598 2749 697 2816 atque
720 2731 816 2796 aliam
841 2731 883 2796 ad
902 2729 1112 2820 Clytaemne-

99 2831 203 2889 stram
235 2755 408 2904 epistoianr
439 2817 582 2897 adferat,
612 2818 646 2881 in
677 2839 743 2902 qua
771 2817 933 2902 scriptum
961 2829 1032 2884 erat
1053 2845 1113 2884 nu-

10 2943 11 2950 *
122 2908 186 2970 tias
210 2908 292 2968 'esse
316 2902 435 2967 dilatas
463 2902 720 2986 mandatumque
743 2901 1043 2989 Clytaemnestrae,
1074 2930 1113 2970 ne

97 2932 309 3080 Iphigeniam
331 2991 366 3052 in
382 2998 491 3054 castra
508 2990 664 3068 mitteret,
689 3010 829 3072 eumque
852 3011 962 3054 senem
984 2991 1114 3076 inipso

98 3080 195 3144 initio
218 3074 348 3140 fabulae
371 3073 554 3139 videmuse
577 3073 695 3160 castris
712 3072 976 3158 proficiscentem
993 3077 1115 3160 Argos.

99 3166 236 3236 Interea
272 3160 393 3232 chorus
428 3161 599 3225 mulierum
638 3157 922 3239 Chalcidicarum,
959 3182 1043 3243 quae
1073 3161 1114 3224 ob

99 3245 317 3336 spectandam
347 3246 542 3334 Argivorum
574 3245 712 3310 classem
736 3243 891 3308 Aulidem
921 3245 954 3308 in
984 3247 1129 3328 portum'

98 3335 261 3404 Euboeae
283 3331 498 3412 advenerant,
523 3329 629 3417 aperit
651 3328 737 3393 uude
758 3338 872 3413 atquo
896 3329 1117 3395 consiliohuc

99 3420 230 3489 venerit
253 3427 287 3482 ct
310 3417 390 3504 quid
413 3418 465 3482 hic
488 3418 553 3482 iam
576 3415 696 3482 viderit
725 3437 762 3479 ac
794 3416 989 3500 perceperit.
1033 3417 1117 3482 Mox
1205 3477 1208 3482 ,

99 3607 302 3624 W

153 3729 184 3791 ¹¹²)
210 3723 281 3774 Vide
305 3721 484 3784 Euripidis
513 3722 600 3786 Iphig.
627 3722 708 3772 Taur.
728 3721 770 3774 25.
794 3721 853 3774 209.
877 3721 930 3775 838
953 3739 1011 3788 sqq.
1031 3725 1118 3786 Iphig.

209 3793 273 3842 Aul.
292 3790 343 3842 100
362 3807 418 3854 sqq.
438 3789 489 3842 128
508 3808 563 3856 sqq.
588 3789 811 3840 Scholiasteu
831 3792 1012 3856 Euripidis
1032 3793 1118 3842 Orest.

208 3861 269 3916 647.
307 3860 436 3924 Hygini
456 3859 508 3908 fab.
526 3857 658 3913 XCVIII.
679 3861 732 3910 lab.
753 3859 873 3912 CClin.
917 3861 1038 3927 Dictyn
1057 3862 1119 3910 Cre·

210 3939 311 3980 tensam
331 3930 349 3977 i.
369 3945 391 3978 c.

138 4003 184 4071 **)
213 3999 294 4052 Corsi.
312 3998 487 4061 Euripidis
505 3997 594 4060 Iphig.
613 3999 694 4048 Tsur.
714 3997 748 4052 28
767 4014 825 4062 sqq.
844 4005 884 4059 et,
908 4005 938 4045 ut
954 4006 1054 4048 taceam
1073 3997 1121 4044 hu·

211 4075 255 4122 ius
276 4071 361 4133 Ipsius
380 4067 486 4119 fabulae
506 4083 530 4115 r.
550 4067 617 4120 1584
637 4077 664 4116 et
682 4068 775 4129 1590„
800 4067 955 4128 Euripidem
974 4068 1045 4130 apud
1066 4070 1122 4115 Ae-

211 4143 338 4191 lianum
359 4137 421 4185 hist.
443 4138 520 4186 auim.
543 4137 603 4186 Vll.
624 4138 666 4191 39.
693 4148 747 4186 tum
772 4135 1001 4186 scholiastes
1027 4135 1121 4184 Euri·

214 4209 308 4274 pidls
329 4207 416 4258 Orest.
437 4205 494 4257 iil‘l.
532 4205 673 4256 Taataen
695 4207 728 4256 ad
749 4201 881 4268 Lycophr.
899 4203 916 4251 l.
937 4219 958 4255 c.
996 4205 1123 4269 llygini

214 4280 268 4330 iau.
289 4275 421 4326 XCVIII.
441 4276 493 4324 iub.
515 4271 900 4326 ccuxt.er.1)ict.cr0r.t.
922 4287 943 4320 c.
