2742 4772
293 364 551 430 nummum
577 367 617 430 u
645 365 707 432 un
734 369 912 434 numm.
1067 366 1108 430 uc

398 485 785 601 Ανννεμοοο

186 629 333 718 λάθοιμι
362 632 456 700 τοῦτ’
486 631 542 700 ἄν.
569 633 644 700 ἀλλ’
674 633 771 702 ἐκεῖν’
801 633 843 702 οὐ
870 633 1025 726 λήσομεν.

433 737 475 800 Μ
485 737 632 802 ΕΝΕΛ
640 740 672 802 A
684 737 710 802 l)
721 738 764 802 Σ.

187 829 225 895 νὸ
253 846 370 914 noim
398 834 494 902 οὔτοι
518 833 583 920 χρὴ
612 842 689 902 λίαν
717 840 853 922 ταρβεῖν
878 835 992 924 ὄχλον.
1090 849 1093 852 ’

329 970 334 980 ,
403 937 785 1021 ΑΓΑΜΕΜΝΩΝ

190 1031 327 1118 Κάλχας
354 1042 420 1118 lpet
444 1038 654 1122 μαντεύματ’
683 1038 840 1123 Ἀργείων
865 1046 1010 1129 στρατῷ.

425 1139 506 1203 ΜΕ
512 1138 548 1202 Ν
556 1143 624 1205 ΕΛ
633 1143 665 1206 Α
675 1141 756 1206 ΟΣ.

184 1226 254 1308 οὔκ,
284 1228 325 1314 ἢν
351 1239 436 1325 οονῇ
456 1261 492 1318 ys
510 1240 662 1324 πρόσθε·
690 1243 793 1308 τοῦτο
813 1238 843 1308 δ’
875 1239 1024 1332 εὐμαρές.
1040 1253 1103 1320 515

399 1342 431 1402 A
441 1340 475 1403 Γ
481 1341 514 1404 Α
524 1341 565 1404 Μ
573 1343 649 1406 ΕΜ
658 1345 690 1407 Ν
699 1341 732 1406 Ω
745 1345 785 1406 Ν.

80 1427 157 1504 520
186 1430 222 1498 τὸ
250 1435 415 1520 μαντικὸν
443 1441 513 1504 πᾶν
540 1448 669 1526 σπέρμα
695 1443 874 1529 φιλότιμον
900 1445 1015 1516 κανόν’.

432 1541 475 1604 Μ
482 1543 513 1604 E
520 1543 556 1606 N
563 1545 626 1606 ΕΛ
641 1548 668 1607 Α
680 1545 706 1607 l)
716 1544 761 1608 Σ.

183 1633 301 1704 κούδέν
327 1636 358 1719 μ’
389 1637 560 1724 ἄχρηστον
588 1640 664 1710 οὐδὲ
687 1642 854 1728 χρήσιμον
882 1648 1005 1732 παρόν.

78 1868 242 1920 ΜονΙιΙοῃάο
261 1871 427 1935 scripserunt
443 1866 604 1938 ἀποστείλῃς.
640 1874 862 1925 Kirchhoifio
882 1879 1038 1932 scribendus
1057 1883 1100 1934 iric

80 1953 175 1989 versus
194 1940 232 1990 ite
249 1941 368 1992 videtur:
389 1933 447 2001 criu,
467 1939 499 2009 ἢν
517 1941 544 1993 ἐν
556 1935 651 2010 Ἄργον
670 1943 718 1996 νῦν
738 1937 891 2008 ἀποστείλῃς
909 1945 992 1999 πάλιν.

577 2041 581 2048 =
638 2030 664 2062 αι
832 2043 836 2056 ι

150 2075 183 2126 V.
201 2077 262 2131 512.
300 2073 411 2145 λήσομεν
430 2079 497 2131 cod.
517 2079 544 2131 C.
564 2078 675 2146 λήσομεν
693 2081 760 2134 cod.
781 2081 811 2136 B.
890 2145 894 2151 1

151 2147 183 2196 V.
203 2147 264 2200 513.
290 2156 353 2214 post
376 2149 447 2200 hunc
469 2165 574 2202 versum
599 2152 819 2204 Kirchhosfio
844 2169 937 2205 vorsus
958 2155 1019 2212 516.
1037 2157 1098 2212 517,

6 2255 7 2258 .
77 2216 197 2280 ponendi
216 2233 274 2268 csse
293 2220 424 2270 videntur.

6 2287 7 2294 ’
151 2285 183 2334 V.
203 2287 264 2340 515.
301 2287 367 2351 carp?
385 2305 414 2352 γε
432 2287 464 2338 G.
484 2284 691 2340 Hermennus
710 2291 993 2356 conculcaturum,
1018 2309 1098 2359 quem

78 2353 154 2404 multi
173 2357 258 2406 critici
276 2358 381 2422 sequuti
400 2365 468 2410 suut.
489 2355 561 2420 θάνῃ
580 2374 609 2423 με
629 2355 698 2412 libri.

150 2425 183 2474 V.
193 2426 245 2478 516
255 2441 293 2492 eq.
314 2429 475 2478 omittendos
488 2430 592 2480 censuit
604 2428 771 2491 Hartungi
780 2443 823 2482 ue.
843 2428 912 2480 Vide
920 2429 1011 2484 adnot.
1021 2445 1098 2496 excg.

149 2493 184 2542 V.
203 2495 263 2549 517.
291 2491 387 2546 κούδὲν
406 2513 434 2562 γε
454 2493 566 2562 χρηστὸν
584 2497 755 2559 Gruterus,
777 2513 854 2561 quem
873 2500 947 2550 multi
966 2515 1098 2563 gramma·

77 2562 127 2610 tici
146 2566 252 2628 sequuti
271 2573 342 2617 sunt
378 2561 473 2616 κου’ὅέν
492 2559 518 2630 γ’
537 2559 648 2632 Acerris
664 2568 849 2619 Nauckius.

75 2731 137 2781 fere
165 2741 235 2784 metu
266 2737 345 2786 etiem
370 2735 458 2788 Creon
489 2736 562 2786 duci·
614 2751 664 2802 ego
676 2736 791 2788 Menelai
810 2749 865 2787 non
879 2753 923 2788 cus
942 2743 1030 2801 partes
1046 2739 1097 2788 hoc
1129 2769 1131 2774 ·
1195 2731 1198 2736 ’

76 2809 131 2864 tur,
150 2806 197 2867 qui
209 2805 330 2856 Tiresiae
341 2807 406 2856 dicit
420 2809 447 2856 in
461 2806 561 2859 Phoen.
614 2809 720 2871 quidem
740 2808 800 2858 loco
814 2821 881 2869 esse,
901 2814 930 2855 ut
948 2815 1023 2856 rento
1033 2823 1097 2870 ope-

75 2871 139 2924 929.
178 2876 244 2938 σίγα.
269 2872 340 2925 πόλει
366 2873 395 2924 δὲ
416 2873 510 2926 coctile
528 2873 562 2940 μὴ
613 2892 642 2926 re
661 2884 829 2925 contemnere
847 2891 874 2924 se
893 2883 969 2924 vetes
988 2877 1096 2941 prolite-

76 2941 154 3004 λέξῃς
172 2940 277 3006 λόγους.
301 2945 436 3007 etpuullo
456 2953 518 3008 post
536 2961 561 2994 v.
613 2951 686 3008 atur,
710 2952 810 3008 quanto
836 2959 916 3008 opere
942 2945 982 2992 illi
1005 2946 1097 2994 volue-

75 3013 131 3066 977
151 3025 189 3074 sq.
216 3013 281 3061 heec
304 3015 472 3076 pronuntiet:
498 3012 562 3073 λέξοι
613 3021 687 3074 runt,
720 3015 766 3075 qui
793 3014 863 3063 hunc
892 3014 979 3061 locum
1011 3009 1097 3075 nuper

75 3076 130 3144 γὰρ
167 3077 255 3142 ἀρχαῖς
295 3082 336 3128 καὶ
380 3079 563 3146 οιροιηλάιοιο
599 3088 794 3132 tractaverunt
824 3081 999 3144 grammatici.
1042 3081 1095 3130 lta-

75 3145 152 3207 rute,
173 3147 259 3198 Πύλαι
284 3144 329 3213 ἐφ’
348 3149 409 3199 ἑπτὰ
429 3153 469 3200 καὶ
488 3151 561 3213 loza-
613 3165 665 3216 quc
688 3165 738 3212 ego
762 3153 790 3199 in
815 3165 847 3198 ee
871 3151 1005 3199 sententie
1029 3165 1096 3212 sum,

75 3217 154 3284 pirus
171 3215 266 3281 μολοέν.
612 3227 642 3269 nt
664 3220 811 3269 existimem
829 3233 861 3269 eu
880 3219 961 3266 verbu
981 3233 1049 3281 quae
1068 3220 1096 3268 in

114 3289 147 3339 V.
167 3290 228 3344 516.
265 3285 299 3338 τὸ
322 3281 476 3349 μαντικὸν
502 3285 562 3334 πᾶν
611 3288 687 3340 libris
719 3289 763 3336 hic
793 3287 926 3336 habentur
953 3301 1007 3336 non
1037 3301 1096 3338 esse

76 3357 141 3424 uri]
171 3359 264 3410 Simile
289 3358 356 3408 illud
380 3351 561 3420 Sophoclis
612 3357 784 3420 corrigenda,
804 3356 899 3420 quibus
917 3371 969 3405 non
988 3357 1095 3420 quidem

75 3430 164 3479 estin
184 3425 510 3492 Antig.1010.B0eckh.
532 3421 561 3473 ui
611 3427 754 3476 laudentur
772 3426 912 3486 vaticinio,
937 3427 983 3475 sed
1007 3433 1094 3476 temen

74 3495 202 3561 μαντικὸν
235 3497 284 3562 γὰρ
316 3496 367 3545 πᾶν
398 3492 563 3559 φιλάργυρον
611 3509 666 3544 non
683 3499 758 3544 tanto
778 3509 859 3558 opere
882 3501 1093 3546 contemnuntur.

75 3565 173 3634 pices,
190 3581 245 3619 non
264 3575 351 3616 temen
369 3571 398 3614 ut
419 3571 562 3628 propterea
611 3565 697 3626 Lego:
722 3558 818 3613 κούδέν
835 3559 862 3629 γ’
880 3559 1009 3628 ἄχρηστον
1032 3561 1095 3615 οὐδὲ

73 3638 120 3690 hic
145 3637 284 3700 Euripidis
307 3649 400 3685 versus
427 3631 455 3684 in
480 3635 562 3682 inter·
611 3629 737 3698 χρήσιμον
761 3630 857 3697 παρόν,
882 3634 978 3698 quibus
1004 3636 1094 3686 verbis

74 3708 223 3774 poletionis
254 3706 432 3769 suspicionem
469 3705 561 3760 soceri
612 3703 676 3752 mihi
699 3703 750 3753 hoc
774 3704 827 3753 dici
846 3703 962 3753 videtur:
990 3709 1022 3754 et
1044 3719 1094 3768 ge·

73 3779 171 3844 posuit.
232 3787 235 3795 ·
611 3787 670 3822 nus
700 3774 828 3836 quidem
856 3781 963 3823 vatum
990 3789 1094 3836 neque

113 3849 144 3896 V.
171 3846 232 3899 517.
270 3837 383 3893 κούδέν
408 3835 435 3907 γ’
461 3837 559 3905 ἅχρη-
612 3842 746 3890 omnino
771 3843 895 3892 inutile
919 3850 1094 3904 estneque

76 3932 154 3966 οτον
184 3914 246 3976 καὶ]
280 3913 338 3963 Etsi
366 3927 397 3961 eo
430 3919 560 3974 tempore,
612 3919 715 3960 tumen
752 3915 936 3962 utilitatem
974 3911 1093 3974 ndlert,
1141 3912 1146 3924 '

77 4002 130 4051 quo
142 3987 208 4036 haec
227 3985 334 4046 scripsit
346 3981 499 4045 Euripides,
516 3995 559 4030 ve·
611 3995 706 4043 qurum
731 3983 920 4040 adhibetur,
939 3979 965 4027 id
986 3985 1034 4038 est,
1054 3989 1094 4041 est

75 4058 169 4106 ticinie
201 4069 217 4104 a
246 4053 358 4102 Graecis
392 4051 562 4100 vehementer
611 4063 693 4112 genus
719 4059 808 4100 votnm
828 4053 884 4102 eius
904 4049 989 4110 modi,
1013 4055 1042 4096 ut.
1061 4065 1092 4098 eo

76 4127 209 4176 contemni
235 4131 330 4187 coepta
354 4129 429 4182 sunt,
456 4133 508 4184 qne
532 4121 559 4168 in
612 4120 718 4182 quidem
737 4134 847 4183 prorsus
863 4130 1093 4180 carere'nonpos·

75 4195 283 4259 rc'expcnende
300 4193 397 4242 multus
417 4188 560 4240 estFirn·
610 4187 704 4248 simus,
731 4191 777 4240 sed
802 4199 889 4238 tamen
912 4201 964 4236 non
983 4188 1093 4240 multum

76 4266 219 4317 hebetus
237 4265 271 4314 ed
286 4263 312 4314 lu.
326 4263 353 4323 l.‚
372 4269 459 4312 tumen
479 4259 558 4308 credo
610 4259 672 4310 inde
690 4261 812 4310 utilitatis
831 4257 978 4321 capiamus,
1006 4259 1029 4307 si
1046 4259 1092 4310 cd·

836 4325 880 4386 6*
