2784 4776
306 345 562 410 ΙΨΙΓΕΝΕΙΑ
588 347 625 410 Η
645 348 717 412 ἘΝ
747 349 971 448 mimz.
1099 365 1140 428 33

215 506 257 574 οὐ
276 509 306 574 δ’
328 509 424 588 εἶπας
442 515 559 580 ἐλθεῖν
578 517 745 598 Ταυρικῆς
760 514 791 599 μ’
812 513 913 604 ὅρους
927 519 1071 605 χθονός,
1095 531 1136 596 85

215 609 287 675 ἐνθ’
310 609 466 698 Ἄρτεμίς
492 637 544 680 σοι
571 613 735 698 σύγγονος
758 615 893 702 βωμοὺς
921 626 993 706 ἔχει,

163 715 166 726 ’
215 714 331 796 λαβεῖν
358 713 382 777 τ’
411 709 549 798 ἄγαλμα
577 719 677 800 θεᾶς,
705 713 723 784 ὅ
751 743 858 806 φασιν
882 721 1015 792 ἐνθάθε

214 819 259 888 εἰς
288 811 404 890 τούσδε
431 815 535 892 ναοὺς
562 816 713 902 οὐρανοῦ
739 833 848 886 πεσεῖν
874 817 961 888 ἄπο·

214 911 364 995 λαβόντα
394 913 423 979 t'
455 913 475 995 ἢ
503 922 669 1002 τέχναισιν
697 915 716 996 ἢ
746 917 826 1012 τιν’χῃ
855 927 929 1001 τινί,

213 1019 369 1080 κίνδυνον
394 1015 600 1096 ἐκπλήσαντ’,
624 1018 821 1099 Ἀθηναίων
844 1027 952 1106 χθονὶ
1091 1035 1133 1098 90

213 1117 349 1181 δοῦναι·
376 1113 414 1182 τὸ
443 1118 473 1184 δ’
501 1118 636 1186 ἐνθένδ’
664 1118 765 1186 οὐδὲν
791 1119 928 1208 ἐρῥήθη
955 1132 1056 1208 πέρα·

211 1219 266 1281 καὶ
294 1212 402 1282 ταῦτα
430 1216 587 1301 δράσαντ’
617 1220 777 1304 ἀμπνοὰς
801 1226 884 1300 ἕξειν
912 1221 1035 1290 πόνων.

212 1313 279 1397 ἥκοι
306 1320 342 1382 δὲ
363 1323 523 1408 πεισθεὶς
548 1334 621 1399 σοῖς
646 1322 796 1401 λόγοισιν
823 1315 952 1391 ἐνθάδε

209 1414 384 1501 ἄγνωστον
411 1424 555 1504 εὶς-γῆν,
582 1423 711 1502 ἄξενον.
741 1428 776 1488 ni
805 1423 833 1488 δ’
865 1426 988 1508 ι’στοριῇ

179 1651 211 1700 V.
231 1649 274 1704 84.
300 1651 373 1702 ·huc
403 1668 416 1703 ε
445 1670 468 1701 ε.
493 1653 572 1708 1455.
604 1663 759 1704 revocatum
790 1663 900 1707 auctora
930 1657 1128 1711 Martianus

104 1723 184 1772 ιιιιιΙεί
206 1722 291 1770 critici
311 1723 541 1773 existimaverunt.
578 1724 695 1773 Atride
713 1725 776 1774 adn.
796 1733 899 1790 exegct.

179 1791 211 1839 V.
230 1789 274 1844 86.
310 1803 358 1839 σοι
378 1788 511 1856 ειῖγγσνοε
532 1793 776 1845 Kirchhoffius.
801 1790 833 1843 cri
856 1793 988 1859 σι’γγονοε
1006 1797 1075 1846 iibri.
1093 1793 1128 1862 σὴ

103 1857 241 1926 σιῗγγονοτ
258 1875 290 1908 ex
309 1861 420 1924 antiqua
438 1865 604 1912 correctione
628 1864 710 1926 vulgo
728 1863 877 1927 legebatur.

178 1929 208 1979 V.
227 1929 270 1983 87.
307 1925 427 1980 οὸνθάέε
444 1932 479 1982 ds
493 1933 688 1992 Markisndi
707 1935 841 1984 sententia
859 1931 891 1986 G.
911 1933 1126 1986 Hermaunus.

175 1999 210 2048 V.
228 1999 272 2052 91.
310 1997 375 2063 πέρα
392 1999 570 2053 Brodaeus.
591 1999 670 2065 ripas
689 2003 760 2052 iibri.
1133 2003 1138 2013 “

175 2069 211 2118 V.
229 2068 273 2121 94.
311 2064 406 2132 ἄξενον
427 2069 540 2122 Aldus.
562 2065 667 2134 ἄξεινον
685 2072 756 2123 libri.

104 2239 158 2288 bus
183 2251 236 2301 ego
260 2239 390 2288 adsentiri
415 2240 489 2290 nuiio
513 2239 593 2289 modo
645 2241 749 2300 ρανσιῖ
768 2247 878 2291 πεσεῖν
898 2239 975 2306 ἄπο]
996 2243 1066 2293 Hinc
1084 2244 1124 2294 in·

106 2323 226 2371 possum.
264 2310 305 2358 Ac
324 2309 356 2357 de
378 2311 498 2372 repetitis
522 2310 593 2358 simi·
642 2310 685 2358 fra
704 2326 728 2364 v,
748 2310 809 2365 949.
829 2309 945 2361 Bracaris
962 2307 1062 2377 ἄγαλμα
1078 2328 1124 2377 ap·

3 2409 5 2424 .
107 2379 179 2425 iibns
198 2385 245 2428 aut
263 2379 363 2427 eisdem
374 2379 454 2442 piane
472 2380 593 2429 versibus
643 2380 767 2442 pellatur.

4 2459 12 2514 ξ,
106 2448 257 2511 aliquoties
276 2450 310 2497 ad
328 2446 376 2496 has
397 2449 535 2512 Euripidis
553 2449 592 2498 ia·
679 2449 711 2498 V.
729 2450 771 2502 91.
809 2446 886 2498 ret·
912 2445 1046 2499 ἐνθένδ’
1071 2445 1123 2500 σιλ-

107 2518 186 2566 bulus
205 2517 311 2566 dicendi
329 2517 404 2566 locus
424 2518 489 2579 fuit,
510 2525 539 2566 ut
558 2519 593 2569 ad
644 2513 697 2564 λέν
724 2513 845 2584 ἐρ’ῥὴθη
876 2518 969 2585 πέρα]
997 2515 1123 2586 ,,ἐρῤήθη

103 2585 208 2636 Phoen.
221 2586 279 2638 759.
294 2601 318 2651 p.
334 2585 383 2639 131
399 2603 439 2651 sq.
454 2589 494 2637 ed.
510 2585 592 2638 Goth.
642 2589 747 2651 explica
765 2590 948 2638 mandatum
967 2597 1020 2639 est
1037 2595 1065 2638 ut
1079 2605 1123 2639 su-

103 2657 139 2705 ad
164 2657 237 2705 Med.
256 2655 292 2708 40
314 2672 354 2720 sq.
379 2671 404 2718 p.
425 2655 465 2709 17.
485 2663 511 2706 et
535 2673 592 2706 rur·
640 2671 690 2719 pra
706 2673 731 2706 ν.
751 2657 793 2710 85.
812 2651 887 2707 cinus
909 2659 1050 2708 habuimus
1072 2673 1121 2724 pro

103 2741 149 2774 sua
168 2726 203 2774 ad
222 2726 332 2774 eandem
357 2725 476 2775 fabulam
497 2743 521 2774 v.
540 2724 592 2780 468
641 2723 785 2776 ἐκέλενοσε.
822 2727 958 2777 Praeter
976 2728 1058 2778 haee
1076 2731 1122 2779 ui·

103 2809 128 2858 p.
148 2793 191 2846 56.
210 2797 251 2843 ed.
271 2792 354 2844 Goth.
379 2796 426 2845 ait.
446 2796 523 2846 etad
543 2797 591 2845 Al·
640 2793 689 2843 hii
708 2795 898 2848 mandatnm
917 2803 975 2858 est,
994 2799 1122 2848 ethaeo

4 2869 5 2874 ’
102 2871 168 2914 cest.
193 2863 245 2916 312
270 2880 327 2928 sqq.
351 2879 376 2927 p.
403 2863 438 2916 64
463 2879 520 2929 sqq.
549 2867 591 2916 ed.
640 2865 937 2930 iilaesse‚quaesi
956 2866 1121 2928 fecissem,

4 2961 5 2984 ι
102 2932 184 2986 Goth.
204 2949 257 2983 sec.
277 2933 337 2982 Hoc
354 2941 443 2984 autem
462 2936 523 2984 loco
537 2932 589 2986 iam
640 2933 821 2986 habiturus
840 2949 943 2985 essem
968 2936 1121 2986 laborum

100 3009 245 3068 propterea
280 3001 324 3052 hic
356 3018 450 3053 versus
485 3005 589 3056 inutilis
639 3002 1120 3067 requiem.“A.SI⁴21DLER.0e·

100 3080 235 3129 nonest,
264 3072 337 3135 quod
367 3069 498 3123 Graeciae
520 3089 537 3123 a
560 3090 589 3125 se
638 3081 724 3122 terum
749 3082 821 3124 recte
840 3073 868 3122 τὸ
888 3067 915 3124 δ’
936 3068 1043 3123 ἐνθένδ’
1066 3089 1120 3125 una
1196 3097 1198 3101 ·

98 3150 259 3208 peragratae
291 3143 453 3192 mentionem
480 3139 589 3196 Orestes
639 3157 698 3191 οιιιιε
717 3141 749 3195 G.
771 3145 958 3194 Hermanno
978 3144 1119 3193 Eimsle·

98 3214 189 3263 facere
207 3211 331 3272 debebat,
352 3217 380 3259 ut
395 3213 588 3277 profectionem
638 3213 691 3260 ius
719 3214 933 3276 coniungendam
957 3227 1015 3262 esse
1043 3212 1119 3274 vidit,

99 3283 126 3332 in
144 3283 212 3330 fines
234 3278 388 3330 Taurorum
412 3282 497 3345 ipsam
522 3297 587 3346 quo·
638 3297 796 3345 comparans
833 3280 1014 3345 Sophoclis
1051 3279 1118 3330 Oed.

99 3365 150 3415 que
166 3350 300 3413 apollinis
313 3351 424 3400 oraculo
438 3361 587 3415 susceptam
638 3349 697 3398 Coi.
708 3351 770 3404 476.
790 3343 867 3400 Εἶεν·
886 3348 914 3400 τὸ
934 3342 960 3397 δ’
980 3348 1060 3399 ἐνθεν
1074 3353 1122 3400 ποῖ

98 3435 238 3485 opponere
264 3427 365 3482 posset.
409 3417 588 3478 Quamobrem
638 3421 787 3484 τελευτῆσαί
801 3436 831 3480 με
849 3417 911 3483 χρῇς
929 3411 1118 3479 εῖτοιλνθὲνδε,

98 3506 178 3554 quom
205 3488 291 3538 verba
313 3485 380 3538 nihii
405 3491 537 3541 eiusmodi
559 3493 587 3541 in
638 3490 711 3553 quod
733 3504 812 3554 saepe
843 3504 893 3553 pro
922 3489 1050 3540 adverbio
1078 3499 1119 3541 est

98 3574 127 3610 se
143 3559 315 3620 contineant,
337 3559 408 3621 quod
427 3561 455 3609 in
475 3576 529 3612 uua
547 3561 586 3611 fe·
637 3558 707 3622 apud
725 3559 893 3622 Euripidem,
910 3559 1025 3608 velutin
1045 3559 1117 3610 Med.

5 3657 6 3660 =
98 3629 161 3678 buia
181 3643 232 3694 pro
252 3643 282 3678 re
307 3636 371 3678 nata
390 3643 444 3677 non
466 3631 507 3680 bis
534 3631 586 3681 dici
638 3628 714 3681 1167.
729 3623 874 3678 τούνθένδε
885 3627 972 3689 μέντοι
984 3626 1072 3680 ἐεινόν
1086 3623 1118 3694 ἦν

98 3699 231 3762 potuerit,
249 3712 304 3746 non
324 3697 419 3745 dubito
437 3701 501 3762 quin
521 3699 586 3750 haee
636 3692 712 3758 θέαμ’
731 3696 803 3748 ἰδεῖν.
825 3706 851 3747 et
868 3699 1116 3766 in'iiippoi.1185.

97 3768 182 3818 verba
200 3767 302 3817 iniuria
321 3768 348 3815 in
367 3768 586 3831 interpolationis
637 3764 783 3818 τούνθένδε
812 3768 864 3817 πᾶν
892 3763 958 3834 ἀνὴρ
989 3764 1117 3834 ἠπείγετο.

97 3838 280 3900 suspicionem
300 3836 417 3886 adducta
435 3840 495 3886 sint.
636 3845 663 3887 et
687 3853 766 3902 saepe
790 3837 869 3892 eiius(
900 3838 943 3888 De
962 3839 1028 3904 πέρα
1046 3839 1117 3887 adsi·

132 3907 165 3958 V.
179 3905 223 3959 85.
247 3902 286 3954 σύ
305 3895 448 3955 δ’-εέπιιε
466 3905 585 3973 ἐλθεῖν]
636 3908 747 3958 muiavit
766 3907 983 3959 Mai-islandus
1002 3909 1075 3958 inira
1092 3923 1116 3955 v.
1148 3901 1154 3924 ἐ

97 3969 213 4025 ’“Ει’νισε.
234 3975 317 4024 Recte
335 3973 484 4025 Barnesius
504 3979 587 4041 expii-
637 3975 696 4030 539.
716 3985 742 4026 et
754 3977 861 4041 Hippoi.
875 3977 951 4038 1033,
970 3985 1024 4026 tum
1037 3976 1116 4024 Pan·

97 4051 139 4094 cat
166 4043 308 4094 ἐκέλευσαν
334 4059 492 4108 comparens
519 4048 584 4096 Hee.
635 4047 748 4095 sanias
767 4045 814 4095 IV.
832 4045 859 4108 3,
877 4045 902 4098 4.
929 4047 994 4110 πέρα
1012 4039 1039 4093 t’
1057 4041 1115 4107 ἐδή·

94 4114 155 4167 554.
188 4121 215 4164 ct
244 4115 335 4180 Iphig.
359 4115 423 4164 Ani.
446 4115 509 4170 95‚“
551 4117 584 4166 A.
635 4116 717 4164 λιιισέν
737 4109 816 4163 οὐδὲν
836 4115 879 4168 ἐτι.

95 4183 271 4234 semema.
535 4213 537 4224 ·
671 4185 702 4237 V.
719 4183 763 4237 94.
795 4177 1115 4246 ἄγνωστονεέεγῇν,

132 4255 165 4302 V.
180 4253 217 4306 8¹1
230 4269 290 4317 sqq.
308 4319 312 4326 ¹
328 4243 346 4297 ὅ
365 4263 465 4311 φασιν
485 4279 510 4288 ⁶
533 4247 583 4302 cai·
634 4249 772 4318 ἄξενον]
792 4249 1009 4306 Gaisiordius
1031 4245 1114 4312 ἅγνω·

164 4355 260 4420 Eurip.
281 4353 341 4404 Vol.
361 4352 376 4402 1
396 4385 403 4399 .
889 4335 909 4398 3
