2806 4782
8 599 10 742 l

275 373 534 441 ΙΦΙΓΒΝΕΙΑ
556 377 597 441 Η
620 377 687 442 ΕΝ
715 373 942 444 ΤΑΥΡΟΙΣ.
974 385 984 396 “
1075 375 1115 438 79

200 555 331 610 κακοῖσι
356 542 522 624 λαιιεῖς,’
502 571 576 626 ητις
599 543 628 612 εἷ
651 545 786 626 ποτ’ω,
770 535 931 630 γύναι,

203 641 301 714 οὗτοι
327 649 446 733 νομίζω
474 645 593 737 σοφόν,
619 642 657 724 ὃς
682 643 727 713 riv
750 639 876 765 μέλλων
903 657 1027 722 θανεῖν

8 745 9 820 l
97 744 233 818 485”
200 772 299 831 οικτῳ
324 745 362 814 τὸ
391 753 486 834 δεῖμα
514 747 705 835 τούλέθρου
732 752 830 816 νικᾶν
857 755 951 846 ίίίλιγ,
1050 768 1114 830 470

202 847 263 933 οὐχ
295 843 383 926 ὅςτις
402 847 518 929 ’Ἅιδην
544 847 679 934 εγγίις”
663 875 724 916 ονε
759 857 935 932 οίκτίζειαι

198 955 361 1034 σωτηρίας
386 948 539 1028 ἄνελπις·
565 949 610 1030 ὡς
636 949 730 1018 ὃύ’ί
716 949 849 1030 ίξίνὸο

198 1049 285 1116 κακώ
314 1053 483 1129 συνάπτει,
508 1059 637 1139 μωρίαν
664 1051 687 1117 τ’
718 1050 910 1142 ὀφλισκάνει

199 1149 343 1231 θνήσκει
364 1152 405 1219 θ’
429 1151 565 1238 ὁμοίως·
593 1153 656 1234 τὴν
673 1154 775 1237 τύχην
794 1153 823 1220 δ’
845 1157 905 1220 teir
918 1153 1034 1239 χρεων.
1105 1197 1108 1214 =

96 1249 170 1324 490
198 1253 286 1337 ἡμᾶς
313 1259 347 1320 δὲ
372 1253 417 1340 μὴ
446 1254 571 1341 θρήνει
596 1253 651 1322 σύ·
681 1253 742 1331 τὰς
769 1252 834 1342 γὰρ
861 1257 989 1322 ἐνθάδε
1048 1270 1109 1332 475

200 1358 326 1434 ι’ίιισίας
351 1357 584 1442 ἐπιστάμεσθα
612 1360 667 1424 καί
692 1354 924 1443 γιγνώσκομεν..

8 839 11 1014 l

168 1551 198 1604 V
216 1551 277 1606 470.
313 1551 469 1604 tretecor.
489 1553 520 1604 Β.
541 1569 627 1604 esec.
646 1570 680 1607 m.

166 1621 196 1670 V.
215 1621 274 1676 471
313 1615 373 1670 ortt·
394 1618 513 1678 5sutG.
533 1624 747 1674 Hermannus.
768 1617 1033 1688 οὖγόειιεῦοιίΗΒ
1060 1623 1109 1674 Ni·

92 1693 132 1740 hii
152 1700 288 1742 enotatum
308 1699 347 1741 est
365 1707 380 1741 a
399 1691 466 1746 Cod.
486 1692 519 1742 Β.
539 1688 608 1742 οὔθ’
628 1687 699 1743 ὅστιε
717 1692 831 1742 aldus

167 1761 196 1809 V.
214 1763 275 1816 472.
312 1757 414 1812 ἅνελαιε
434 1762 616 1816 Brodaeus.
639 1759 673 1813 ἄν
698 1761 768 1812 linit
790 1761 894 1811 Aldus
916 1766 956 1822 et,
981 1769 1011 1810 ut
1035 1763 1108 1813 vide·

91 1837 147 1893 tur,
161 1831 232 1881 libri.

90 2001 167 2051 sibus
184 2015 238 2051 uon
257 2002 325 2052 (inae
344 1999 491 2052 sentcntiae
508 2003 578 2053 inter

90 2085 121 2120 ee
136 2071 258 2122 diversae
275 2071 396 2136 proponi.
409 2071 473 2120 mihi
485 2074 577 2124 viden·

89 2147 145 2203 tur,
159 2142 206 2190 sed
218 2155 278 2205 nna,
297 2155 365 2206 quae
383 2147 472 2190 tamen
483 2143 576 2206 ampli·

89 2211 188 2260 ficetur
200 2225 241 2274 eo,
251 2211 321 2276 quod
333 2211 464 2260 sententia
476 2213 576 2274 eadem,

91 2296 163 2344 quae
182 2289 240 2331 erat
258 2281 411 2346 proposita,
435 2282 488 2330 alio
511 2298 576 2346 quo·

90 2352 154 2400 dam
167 2350 510 2414 modorepetitnr.1taqne
526 2367 575 2415 ego

92 2427 119 2468 et
131 2419 225 2469 oenc
235 2421 287 2470 hoc
300 2435 379 2470 versu
392 2421 489 2468 retinui
503 2421 575 2484 quod

91 2490 120 2539 in
138 2491 214 2540 libris
235 2498 283 2552 cst,
301 2497 370 2538 etv.
386 2487 446 2540 471.
467 2485 514 2554 οὐχ
531 2486 574 2540 ὄε-

92 2573 130 2608 ut
149 2561 243 2623 scripsi
262 2575 321 2608 cum
340 2559 423 2622 libris,
441 2573 493 2609 non
513 2551 574 2609 οὐδ’

8 2665 10 2670 f
92 2624 169 2678 δειιε.
213 2629 292 2678 Nunc
318 2629 385 2678 hanc
417 2631 573 2680 sententiam

90 2699 120 2746 in
141 2699 182 2749 his
202 2699 322 2749 versibus
340 2699 479 2748 habemns.
501 2697 572 2750 Nou

90 2783 169 2818 sane
194 2771 379 2833 sapientem
407 2771 572 2833 existimo,

89 2839 148 2902 qui
175 2854 267 2902 quom
298 2845 347 2888 est
375 2841 572 2902 moriturus,

88 2907 302 2958 lamentando
337 2909 516 2960 terribile
552 2913 573 2958 i·

88 2979 174 3040 stud,
187 2981 272 3042 quod
289 2977 386 3027 habet
404 2978 572 3042 interitus,

87 3049 223 3098 vincere
247 3048 329 3108 volt,
349 3061 412 3131 nop
436 3049 506 3110 (enm
531 3064 573 3098 aa·

88 3119 206 3202 pientem
225 3119 356 3179 existimo,
376 3133 409 3165 ov
402 3110 514 3182 ’νομίζω
528 3133 572 3167 σο-

89 3184 159 3250 φόν,
178 3181 261 3250 οειιε)
279 3201 476 3251 quicumque
495 3203 572 3238 mor

88 3265 151 3308 tem
185 3265 393 3321 praesentem
417 3258 572 3308 lamenta·

89 3334 142 3377 tur
174 3328 211 3376 de
240 3327 350 3377 salute
379 3327 571 3403 desperans.

13 3407 15 3410 ·
88 3397 120 3446 Iu
145 3397 188 3445 his
213 3399 298 3446 verbis
325 3402 443 3446 extrema
466 3392 572 3461 quid'em

89 3467 221 3516 enuntiati
240 3481 301 3529 pars
319 3467 383 3530 uqvi
404 3467 471 3516 nihil
489 3468 572 3528 addit,

88 3537 136 3586 aed
153 3536 296 3599 amplificat
308 3541 393 3585 tamen
407 3537 482 3598 illud,
500 3538 572 3600 quod

88 3607 228 3670 superiore
245 3606 362 3656 membro
380 3613 437 3655 crat
455 3607 571 3671 positum

89 3689 120 3724 eo
145 3691 220 3725 more
243 3677 389 3738 modoque,
414 3692 465 3740 quo
493 3679 572 3726 etiam

88 3745 156 3795 aliae
182 3759 260 3808 quum
286 3747 366 3794 ceteri
397 3747 494 3810 tragici
518 3755 572 3794 tum

87 3815 234 3877 Euripides
259 3816 384 3878 loquutus
411 3825 458 3865 est.
502 3817 573 3866 Huic

87 3885 251 3945 sententiae,
280 3899 347 3946 qnae
370 3901 424 3935 una
454 3893 493 3935 eet
523 3902 572 3936 nec

87 3955 232 4004 coniuncta
250 3968 282 4002 ex
297 3953 407 4018 duabus,
425 3956 478 4006 iam
493 3960 571 4006 etiam

85 4023 253 4088 respondent
285 4031 368 4084 recte,
404 4040 472 4088 quae
498 4027 573 4076 delu-

86 4109 150 4158 ceps
169 4098 314 4176 ponuntur.

610 2002 686 2050 *ille
712 2013 749 2051 ex
778 2015 839 2050 uno
866 1999 949 2051 maia
979 1983 1106 2052 contre·

627 2072 690 2134 hit,
719 2077 752 2120 et
777 2073 949 2122 stultitiae
983 2073 1107 2122 crimen

627 2142 717 2191 subit
752 2149 783 2190 et
823 2143 965 2190 moritur
1000 2142 1107 2191 nihilo

626 2214 741 2261 minua.
783 2209 825 2260 Dc
859 2212 974 2260 formula
1008 2213 1108 2274 μωρίαν

627 2276 794 2344 ὀφλισκάνειν
821 2282 892 2331 coni.
920 2279 1106 2367 Sophoclis

626 2352 719 2433 Aptig.
738 2348 789 2402 456
808 2367 849 2416 aq.
886 2351 927 2399 σοί
947 2349 960 2398 δ
991 2349 1018 2399 εί
1036 2349 1108 2400 δοκοῖ

626 2421 676 2469 νῦν
688 2419 761 2483 μοῖρα
775 2417 863 2483 δρῶσα
882 2417 1023 2484 ινγχᾶνιιν,
1042 2419 1106 2484 Σχε·

626 2488 674 2539 δον
694 2507 715 2538 τι
733 2487 809 2554 pelopi
826 2491 926 2554 μωρίαν
946 2485 1110 2553 ὀφλισκάνω..

626 2568 652 2609 et
670 2575 737 2624 quae
757 2560 868 2610 adeum
890 2563 976 2611 locum
994 2563 1106 2612 adnota·
1149 2570 1151 2574 '

625 2637 720 2680 verunt
729 2631 898 2694 interpretes,
910 2637 964 2680 tum
977 2647 1044 2696 qnae
1055 2645 1105 2696 ego

623 2701 750 2750 adnotavi
774 2701 807 2749 ad
827 2701 886 2750 Alc
907 2697 1018 2766 1093p
1020 2699 1105 2754 ..134

623 2771 664 2819 ed.
682 2769 763 2821 Goth.
782 2771 829 2826 alt.
855 2769 897 2819 Dc
915 2717 1018 2821 formup
1018 2779 1106 2821 autem

623 2840 755 2890 orationis
773 2841 855 2925 ipsc
850 2839 918 2893 conf
938 2842 999 2890 Alc.
1017 2840 1049 2894 70
1065 2856 1105 2904 aq

624 2902 737 2973 ›105qu
757 2903 815 2973 παρ’
841 2903 912 2972 ἡμῶν
937 2924 981 2959 σοι
1000 2905 1104 2995 γενήσε-

624 2997 663 3028 ται
686 2975 775 3065 xu'pts,
799 2975 916 3064 Δροὶοειε
943 2972 976 3028 5
1008 2963 1106 3040 ὅμοίως

624 3044 692 3098 ταῦτ’
717 3039 899 3129 ἇιιεχθήσιιι’
923 3045 989 3109 ἐμοί.
1027 3048 1105 3098 Post-

623 3134 700 3183 quam
720 3120 758 3167 sic
777 3133 850 3166 suam
865 3133 920 3167 rem
938 3124 1036 3182 egerat,
1052 3120 1121 3168 iam*

623 3203 701 3238 versu
720 3187 840 3251 sequenti
853 3185 961 3237 Orestes
978 3189 1058 3237 etlam
1069 3189 1104 3238 ad

622 3257 791 3322 Iphigeniam
809 3258 926 3341 respicit.

658 3325 768 3379 5475
805 3320 883 3388 ἦμαε
909 3322 943 3372 δὲ
967 3320 1005 3388 μή
1024 3323 1103 3390 θρή-

624 3411 669 3445 νιι
689 3391 744 3460 ού]
764 3393 832 3443 Νοε
859 3408 935 3444 vero
959 3395 1026 3444 noli
1053 3397 1104 3446 mi·

624 3466 746 3524 serari,
780 3465 876 3527 quibus
908 3463 995 3514 verbis
1019 3467 1053 3516 ad
1079 3483 1104 3518 v.

622 3535 719 3590 476.st
731 3533 797 3581 ταῦτ’
819 3528 910 3598 ὀδύροι
929 3533 978 3583 κιὲ.
996 3537 1104 3599 respicit
1135 3553 1139 3563 ⁴

623 3607 831 3670 deprecaturque
849 3606 1104 3657 commiserationem

621 3675 1104 3740 Iphigeniaceo‚quodsibinonigno·

622 3753 677 3794 tum
696 3759 753 3794 esee
765 3745 831 3792 dicit
848 3760 915 3809 queo
931 3747 958 3796 in
971 3747 1021 3796 hac
1033 3755 1105 3797 terra

621 3817 687 3864 fiant
705 3815 866 3864 advenarum
886 3817 1026 3867 sacrificia.
1060 3817 1105 3866 Sic

621 3887 706 3948 igitur
722 3885 802 3933 credo
824 3892 909 3936 totum
931 3889 1017 3937 locum
1041 3887 1104 3935 inde

622 3971 644 4006 a·
657 3971 681 4003 v.
704 3951 764 4006 467.
794 3969 878 4018 usque
901 3957 934 4006 ad
959 3974 983 4005 v.
1007 3955 1103 4007 tide

622 4025 699 4075 nobis
724 4025 763 4072 ita
787 4025 960 4088 explicatum,
985 4032 1015 4073 ut
1036 4023 1102 4072 nihil

623 4093 729 4144 obscuri
748 4109 855 4144 manere
873 4097 1002 4144 videatur.

121 4155 156 4212 V·
176 4161 237 4217 472.
274 4156 314 4210 cit
348 4155 397 4208 δύ’
430 4159 464 4222 ἐξ
499 4159 574 4212 ἑνὸς
656 4163 690 4212 V.
710 4161 771 4216 476
808 4159 1102 4222 ίιιισιάμοοθακαί

87 4231 164 4300 κιο]
184 4231 288 4281 Horum
308 4230 473 4280 verborum·
466 4245 517 4280 ram
535 4232 575 4282 ic

624 4230 860 4298 γιγνώσκομεν]
886 4230 1102 4280 Marklandns

86 4303 147 4354 cilia
174 4302 308 4352 sententia
336 4305 390 4368 eat.
410 4299 487 4350 Nam
510 4303 574 4351 duo
623 4301 1104 4368 decopiaverborumintereetamcn
