2746 4774
465 369 491 430 ί)
500 367 605 432 PE!
613 369 733 436 ΤΗΣ.

1054 379 1108 440 101

469 549 568 612 (ΙΡΕ
571 547 611 612 Σ
619 545 699 613 'I'H
701 549 749 614 Σ.

170 643 278 729 στεῖχ’,
304 641 348 721 ὡς
372 643 628 730 όδαρόβυιςοδ
635 649 720 715 πιών
747 646 824 732 ἡμῖν
850 647 947 731 λόγος
1049 665 1111 727 630

175 744 259 826 πρὸς
284 744 375 811 τόνδ’
405 751 526 831 ἵκηται,
552 750 659 831 γῆρας
683 747 868 836 ἀποφυγὼν
895 749 932 816 τὸ
959 751 1029 820 σόν.

176 849 338 923 Μενέλαε,
362 861 422 914 nui
447 846 509 916 σὸν
535 849 613 917 πόδ’
643 856 695 916 ἐπὶ
721 856 860 936 συννοίᾳ
884 855 1019 929 κυκλεῖς,

172 948 292 1026 διπλῆς
316 953 473 1034 μερίμνης
501 949 678 1037 διπτύχους
704 949 763 1019 ἰών
786 948 908 1032 δδυός;

281 1057 285 1064 ’
441 1055 483 1119 M
491 1055 560 1118 ΕΝ
568 1056 636 1118 ΕΛ
645 1059 676 1117 Α
689 1054 769 1118 ΟΣ.

174 1153 290 1214 ἔασον·
319 1157 354 1216 iv
379 1155 509 1237 ἐμαυτῷ
534 1178 565 1218 τι
589 1155 840 1238 συννοούμενος,

171 1248 238 1340 ὅπη
264 1251 442 1337 τράπωμαι
465 1257 522 1332 τῆς
551 1253 649 1337 τύχης
674 1253 845 1340 ἀμηχανῶ.

1046 1269 1117 1331 635.

463 1357 606 1422 dm
616 1359 686 1422 'I'H
695 1354 740 1422 Σ.

168 1448 216 1534 μη
243 1475 303 1516 νυν
329 1461 461 1540 πέραινε
489 1454 547 1535 την
574 1455 717 1538 δόκησιν,
744 1451 818 1522 ἀλλ’
850 1457 949 1541 ἐμοὺς

380 1673 419 1720 dir

165 1743 196 1790 V.
217 1741 277 1794 632.
314 1741 413 1790 κυκλεῖν
431 1741 462 1790 B.
501 1744 621 1792 erveirC.
658 1745 742 1795 Peuio
761 1753 821 1794 antu
841 1745 874 1809 τῷ
894 1760 941 1808 pru
961 1749 1104 1810 nuiruepi·

87 1820 168 1864 cetur
185 1811 367 1862 'Neuekiue

9 1881 10 1886 ’
160 1881 195 1930 V.
215 1880 275 1934 635.
312 1875 374 1928 ὅσοι
392 1882 567 1930 recentiorum
584 1882 667 1930 multi.
697 1877 819 1944 ‹inplibri
830 1883 994 1946 antiquiores
1007 1897 1105 1934 omnes.

90 1953 163 2002 Vide
183 1967 252 2014 quee
270 1950 395 2000 adnotavi
415 1951 447 2000 ed
467 1951 570 2000 Hereel.
590 1950 630 2002 19.
650 1965 675 2014 p.
694 1949 728 2002 30
746 1966 804 2016 eqq.
826 1953 865 2003 ed.
884 1950 964 2000 Goth.
984 1953 1029 2000 eit.

89 2133 187 2198 ἀμείνω
208 2137 258 2184 ταῖν
276 2135 387 2199 φρενῶν,
398 2130 414 2199 ἢ
425 2135 474 2185 νῦν
491 2133 575 2200 φόρει.

126 2207 158 2254 V.
178 2205 238 2259 630.
264 2200 304 2253 eie
322 2200 498 2269 ἀθορύβων
513 2201 573 2256 ουδ’-

50 2291 52 2295 ’
91 2273 174 2324 πιών
196 2271 268 2338 ἡμῖν
287 2271 575 2339 λόγοεπρδετόνδ’

92 2346 215 2410 ἵκηται]
246 2343 324 2403 Quod
353 2344 485 2407 θορυβεῖν
512 2362 573 2410 pro·

91 2418 178 2480 prium
203 2422 243 2465 est
266 2415 373 2464 verbum
398 2416 430 2463 de
453 2416 507 2476 eie,
529 2418 575 2481 qui

91 2485 194 2535 oratori
228 2484 319 2547 egenti
350 2483 517 2547 obstrepunt,
545 2492 574 2534 ut

91 2573 159 2620 quae
189 2556 247 2602 vuit
275 2553 365 2618 eloqui
398 2570 454 2604 nou·
479 2555 573 2616 possit,

91 2625 313 2690 quemadmodum
330 2623 363 2672 eb
380 2625 445 2688 ipeie
459 2625 571 2674 orutori·

92 2697 140 2745 bus
172 2695 271 2744 Atticis
309 2708 387 2756 saepe
422 2693 486 2742 heee
519 2709 572 2743 vox

92 2771 219 2827 usurpata
230 2771 279 2826 est,
292 2771 321 2809 ut
332 2763 572 2812 aDemoethene

9 2861 10 2864 ¹
91 2837 123 2884 de
147 2848 214 2898 paee
237 2833 259 2896 ξ,
282 2832 324 2883 15.
349 2849 374 2896 p.
399 2831 446 2894 60,
467 2832 508 2885 26.
530 2836 575 2882 καί

91 2921 133 2964 μοι
159 2899 196 2966 μὴ
222 2899 367 2964 θορυβήσῃ
399 2898 486 2964 μηδείς
512 2903 572 2966 πρὶν

91 2969 211 3022 ἀκοῦσαι.
247 2971 289 3020 Id.
313 2973 345 3020 de
372 2972 483 3021 coutrib.
503 2971 526 3032 ς.
545 2971 571 3024 3

92 3043 200 3108 plss'i.
220 3039 246 3092 4.
269 3042 313 3089 καί
333 3057 376 3100 μοι
397 3037 430 3104 μὴ
449 3039 571 3106 δορυβή·

9 3131 10 3134 ’
95 3129 150 3178 epte
179 3105 225 3173 ἐφ’
254 3126 274 3174 ῳ
302 3107 384 3171 μέλλω
410 3105 494 3175 λέγειν
522 3111 570 3161 κοτ’.

96 3184 158 3232 Vide
178 3179 210 3230 G.
223 3179 257 3228 H.
275 3177 441 3230 Scheeier.
454 3189 571 3244 apparat.

92 3249 291 3302 adDemoeth.'
303 3249 327 3300 1.
346 3249 443 3315 p..688
462 3251 511 3300 Fr.
523 3251 570 3300 Iu-

95 3323 169 3371 eobe
194 3322 229 3370 ed
251 3319 343 3384 Eurip.
367 3319 437 3370 Med.
461 3320 569 3384 55012.

92 3391 135 3446 64.
153 3392 194 3440 ed.
214 3388 296 3438 Goth.
314 3391 373 3452 ait,
396 3391 486 3438 eedem
510 3404 572 3452 pro·

92 3464 190 3526 prietes
227 3459 356 3509 orationis
392 3459 435 3508 hie
468 3474 572 3522 quoque

90 3531 264 3595 agnoscende
292 3539 345 3590 est,
370 3529 441 3592 qued
466 3527 572 3614 Orestes

90 3602 243 3686 Tyndareo
243 3599 394 3648 discedente
404 3597 481 3647 ducit
494 3594 573 3660 στεῖχ’,

91 3665 127 3719 eir
151 3664 350 3732 δδορόβωτ-
370 3667 460 3731 ἵκηται.
495 3665 573 3717 cere-

90 3755 148 3790 rum
166 3739 303 3788 illuuiem
321 3740 492 3802 consequitur
506 3736 571 3786 Ore-

90 3819 158 3870 stes,
189 3805 260 3872 quod
295 3809 387 3855 voluit.
438 3806 572 3870 Tyndarei

91 3880 162 3930 euim
180 3877 356 3942 praesentium
367 3877 416 3926 eibi
430 3878 458 3926 iu
473 3878 573 3927 orande

90 3962 172 3999 rause
208 3961 257 3995 sua
295 3947 481 4010 impedimento
516 3963 573 3997 esee

90 4019 195 4068 dixerat
213 4030 338 4080 euprev.
355 4014 407 4069 548
425 4031 480 4081 eqq.

126 4088 158 4136 V.
182 4086 236 4140 632
256 4101 294 4150 sq.
331 4089 389 4134 ποι
412 4084 471 4134 σὸν
500 4079 571 4134 πόδ’

90 4155 143 4204 ε’πί
167 4159 301 4220 συννοίᾳ
326 4155 462 4220 κυκλεὶε]
488 4155 567 4206 Recte

90 4225 123 4274 G.
143 4227 350 4276 Hermunnue
374 4230 466 4274 conire
490 4223 571 4275 Seho

89 4298 185 4346 liesten
209 4296 310 4345 monuit
329 4308 381 4346 non
395 4295 572 4359 metaphorice

625 2139 690 2188 heee
708 2138 770 2198 diei,
788 2138 833 2188 red
854 2137 1003 2188 Menelaum
1020 2135 1106 2186 videri

624 2223 717 2258 revere
727 2207 820 2256 erebro
833 2216 1007 2256 commutem
1020 2211 1105 2255 status

624 2285 650 2327 et
667 2278 718 2327 hue
734 2287 814 2342 etque
832 2278 894 2340 illuc
916 2278 955 2326 ire
978 2276 1105 2340 coepisse,

624 2349 662 2397 ite
690 2354 719 2395 ut
741 2348 845 2397 neseiue
869 2360 921 2409 quo
944 2359 972 2396 ee
990 2350 1106 2395 verteret

624 2419 704 2467 modo
727 2418 809 2484 hune,
832 2418 909 2467 modo
933 2415 1006 2464 iiiem
1033 2417 1103 2466 viem

623 2488 712 2537 iniret.
762 2487 792 2536 id
816 2486 884 2536 adeo
914 2483 993 2549 pofite
1025 2486 1103 2533 etiem

624 2557 712 2607 verbis
735 2557 782 2617 iis,
800 2570 867 2619 quee
887 2560 1043 2619 sequuntur,
1065 2555 1104 2602 ite

624 2627 803 2691 persequitur,
829 2631 858 2674 ut
884 2625 996 2690 duplieie
1024 2637 1103 2672 curae

622 2703 702 2760 etque
712 2695 881 2759 cogitetionis
888 2695 1017 2759 duplicem
1024 2693 1104 2742 etiem

622 2767 692 2816 viam
709 2765 792 2814 iuieee
809 2761 1042 2829 eigurticetimirir
1059 2777 1102 2822 με·

623 2837 713 2899 ρίμνηυ
737 2831 876 2899 δισιόχαυε
901 2829 993 2889 ieeur,
1011 2833 1103 2882 eedem

622 2906 678 2955 iere
696 2907 835 2956 verborum
855 2903 1037 2964 similitudine,
1049 2916 1103 2966 que

623 2974 769 3039 Sophocles
799 2976 828 3026 iu
857 2975 949 3038 Antig.
986 2989 1010 3022 v.
1041 2971 1101 3024 221
1128 3013 1134 3030 ,

621 3045 741 3094 nuntium
760 3045 823 3095 feeit
839 3045 981 3093 dieentemr
1001 3042 1102 3090 πολλῶν

622 3109 671 3176 γὰρ
694 3113 769 3176 ἔσχον
790 3113 937 3179 φροντίδων
959 3106 1102 3194 intercipere

622 3179 696 3232 δδοῑε
718 3184 816 3233 κυκλῶν
839 3178 949 3243 ἐμαυτὸν
976 3175 1052 3230 εἰτ’
1038 3197 1099 3229 ανα-

622 3250 748 3317 στροφήν.

659 3321 759 3375 V635
788 3337 849 3383 exp
868 3335 1030 3383 eorrumpere
1049 3331 1101 3383 εην

623 3389 734 3454 ια’χηε]
759 3391 810 3438 Hie
832 3391 904 3440 iocur
933 3403 966 3438 ex
990 3389 1028 3438 eir
1050 3395 1099 3448 eet,

621 3463 666 3511 ubi
684 3462 763 3510 etiam
781 3475 838 3509 eum
857 3452 1002 3509 relativo*
987 3473 1037 3520 αντη
1056 3473 1100 3522 ge-

623 3532 725 3580 netivus
745 3531 870 3592 coniungi
896 3531 1023 3594 potuerit,
1040 3544 1100 3592 pro-

622 3608 713 3664 pterea
737 3599 808 3662 quod
834 3600 928 3648 iliud
920 3615 1006 3664 rpeum
1029 3613 1099 3663 quu-

623 3685 753 3732 versue‚
776 3671 804 3719 id
826 3677 866 3719 est
890 3666 1099 3732 στιλπνότερον

623 3742 739 3790 curatius
758 3741 933 3790 definiendum
952 3748 1099 3803 ereteppo-

623 3811 676 3860 eito
696 3812 818 3874 genetivo
832 3811 877 3874 τῆν
894 3806 978 3874 τύχην,
989 3810 1015 3859 id
1028 3809 1100 3886 quod

623 3887 717 3930 ureture
735 3894 782 3930 sue
800 3882 904 3944 saepius
926 3881 979 3928 iit
972 3895 998 3962 τρι
1016 3879 1098 3940 perti-

624 3951 688 4000 culie
707 3945 857 4000 relativis*
841 3967 910 4000 οσου
931 3961 957 3998 et
974 3943 1044 3996 ὅποι.

659 4019 687 4068 V.
711 4021 772 4074 636.
814 4017 855 4084 μή
881 4035 937 4068 νυν
966 4013 1099 4079 πέραινε
1195 4051 1202 4068 .
1242 4032 1246 4044 ·

625 4085 679 4152 τὴν
698 4087 845 4155 δόκησιν]
866 4095 979 4153 Apparet
992 4082 1099 4146 δόκησιν

623 4173 680 4208 esse
699 4177 755 4210 eum
777 4161 888 4208 eiieuiue
911 4157 946 4207 rei
965 4155 1098 4205 existima

622 4229 733 4292 tionem,
751 4245 802 4294 que
819 4231 951 4279 iudicetur
975 4223 1039 4286 quid
1057 4239 1099 4274 εε-

622 4303 753 4362 quendum
789 4314 845 4348 esee
880 4296 1010 4378 rideatur:
1042 4311 1098 4346 euru
