2786 4776
307 369 327 431 6
652 361 962 432 PROOEMIUM.

306 534 378 600 eius
406 555 533 600 sacram
562 533 598 599 in
624 533 778 601 venando
809 533 993 601 violaverat
1021 531 1268 617 superbiusque
1287 531 1315 594 in

305 621 410 707 ipsam
440 618 535 685 deam
563 620 722 704 loquutus
748 629 836 704 erat,
865 616 1139 704 quemadmodum
1171 617 1316 706 plerique
1359 649 1362 666 =

305 704 564 790 tradiderunt‘),
588 707 658 770 sive
680 706 759 790 quia
771 705 902 770 Dianae
925 703 1014 789 quod
1038 704 1116 768 olim
1139 702 1317 768 devoverat

307 790 396 876 quod
419 813 479 857 suo
500 813 605 879 reguo
624 791 879 878 pulcherrimum
893 803 1005 854 natum
1026 799 1115 854 esset
1137 790 1201 853 illo
1224 811 1316 870 anuo,

305 900 372 942 non
394 875 616 963 persolverat,
647 900 747 961 quam
771 877 959 963 opinionem
981 897 1016 940 se
1042 885 1141 941 nutus
1172 884 1229 939 est
1250 875 1316 958 ipse

304 960 553 1050 Euripides“).
605 961 661 1028 Ad
684 963 766 1027 iram
795 961 877 1028 deae
899 897 1095 1048 placandam
1125 960 1210 1045 quid
1233 962 1317 1024 factu

304 1071 388 1134 opus
416 1057 521 1130 esset,
550 1070 608 1112 rex
637 1051 863 1134 Agamemno,
893 1059 931 1112 ut
959 1047 1111 1131 plerique
1142 1047 1316 1110 memoriae

303 1131 522 1219 prodiderunt
539 1134 623 1214 ⁸⁸⁸),
647 1156 667 1196 a
689 1132 889 1215 Calchante,
912 1141 950 1197 ut
971 1131 1118 1196 nonnulli
1140 1131 1316 1216 perhibue⁴

301 1228 380 1284 runt
395 1218 447 1301 †),
470 1220 511 1286 ab
534 1219 701 1306 Apollinis
720 1219 875 1306 Delphici
898 1218 1032 1284 oraculo
1053 1219 1236 1304 quaesivit.
1259 1216 1315 1282 Cui

301 1325 497 1391 responsum
520 1326 592 1369 esse
614 1304 728 1387 fertur,
752 1305 849 1370 aliter
870 1304 940 1370 eius
962 1303 1090 1369 facinus
1107 1305 1239 1388 expiari
1256 1325 1314 1368 non

325 1410 418 1476 osse,
442 1389 506 1453 nisi
529 1389 630 1455 filiam
652 1399 732 1454 natu
748 1390 927 1455 'maximam
951 1387 1081 1454 Dianae
1103 1388 1312 1455 immolasset.

1284 379 1288 384 .
1351 249 1360 429 l

1364 1259 1366 1332 l

336 1475 410 1539 uius
431 1476 583 1560 responsi
606 1476 780 1554 atrocitate
803 1479 987 1544 commotus
1008 1495 1065 1542 rex
1082 1474 1231 1561 primum
1250 1485 1313 1538 tan·
1366 1529 1367 1556 ,

299 1569 371 1625 tum
392 1560 522 1626 lacinus
553 1583 707 1626 recusare
736 1562 857 1646 coepit.
911 1548 1041 1624 Deinde
1072 1583 1176 1644 quum
1201 1560 1312 1627 Ulixes
1366 1573 1367 1650 l

299 1653 434 1712 auctore
457 1646 557 1711 etiam
572 1647 727 1712 Menelao
751 1670 825 1714 eum
848 1646 971 1710 hortari
985 1668 1052 1710 non
1074 1645 1266 1728 desisteret,
1282 1655 1312 1709 ui

299 1731 528 1796 contumeliam
542 1732 698 1813 Menelao
715 1757 734 1796 a
754 1731 872 1797 Paride
893 1732 1016 1796 luctam
1041 1729 1140 1816 atque
1163 1733 1311 1796 iniuriam
1366 1773 1367 1818 ,

298 1839 319 1881 a
340 1818 490 1883 barbaris
512 1813 675 1882 Graeciae
701 1818 823 1884 illatam
854 1840 921 1884 non
952 1816 1090 1881 inultam'
1114 1817 1311 1901 relinqueret
1366 1831 1367 1834 ’

297 1923 458 1989 suumque
481 1901 687 1968 commodum
703 1903 868 1969 communi
883 1901 1047 1968 Graeciae
1067 1902 1209 1980 utilitati
1228 1913 1311 1990 post-

297 1988 451 2072 haberet,
481 1988 581 2069 vicit,
612 1998 651 2054 ut
673 1989 719 2052 ait
742 1987 927 2054 Ovidius
950 1987 970 2052 l.
992 2010 1043 2069 c.,
1097 1988 1238 2054 ietatem
1259 2011 1309 2074 pa-

296 2074 362 2158 tris
385 2074 520 2163 publica
553 2095 653 2139 causa
684 2084 783 2158 atque
814 2079 1020 2162 Agamemno
1085 2073 1142 2138 lixi
1178 2084 1215 2140 et
1243 2075 1309 2139 Me·

295 2157 390 2226 nelao
422 2159 673 2242 concessit,'ut
698 2161 892 2246 Iphigenia,
926 2168 1113 2242 quaeerat
1142 2159 1220 2227 eius
1248 2159 1309 2222 filia
1365 2167 1367 2228 l

294 2256 375 2309 natu
397 2245 556 2327 maxima,
577 2245 731 2332 Mycenis
754 2244 909 2326 Aulidem
934 2254 1167 2310 arcesseretur.
1215 2245 1308 2311 Missi

294 2329 397 2414 igitur
418 2340 497 2396 sunt
518 2331 559 2394 ab
583 2331 740 2413 exercitu,
764 2333 821 2414 qui
844 2330 1051 2417 Iphigeniam
1074 2329 1236 2396 Aulidem
1257 2329 1308 2394 ed-

294 2413 472 2497 ducereut',
503 2417 624 2498 quoin
648 2439 785 2482 numero
807 2417 926 2483 Ulixes
956 2417 1025 2481 iere
1048 2435 1122 2480 cum
1146 2414 1307 2482 Diomede

295 2497 397 2564 fuisse
412 2500 567 2566 dicuntur
584 2502 658 2586 ἢ).
705 2502 771 2585 Qui
787 2495 852 2587 quo
874 2501 1008 2568 lucilius·
1028 2498 1306 2588 Clytaemnestrae

292 2685 493 2706 *Μ-

341 2798 370 2866 ⁸)
394 2803 471 2856 Cous.
506 2805 721 2859 Scholiasten
745 2810 922 2874 Euripidis
948 2809 1037 2891 Orest.
1056 2805 1117 2892 β47.
1147 2783 1302 2880 'Tz'etaen

296 2935 304 2944 ’
393 2875 588 2997 lilibLUUlllll.
621 2877 1300 3010 Dlieddylhlrllrleldiiserhllldllllellhl'Uidiadhclwlll

322 3027 369 3096 ²¹⁸⁸)
390 3031 459 3082 Vide
483 3033 609 3096 Iphigen.
630 3033 713 3082 Taur.
735 3033 770 3084 20
793 3049 851 3098 sqq.
877 3043 904 3083 et
927 3029 965 3083 M.
989 3033 1099 3084 Tullii
1124 3033 1300 3086 Ciceronis

392 3103 425 3150 de
444 3101 540 3153 officiis
562 3103 606 3151 lib.
626 3101 679 3150 lll.
698 3103 746 3163 25,
766 3103 820 3164 95,
841 3107 886 3168 qui
905 3112 951 3153 aut
969 3105 1057 3168 ipsum
1076 3102 1235 3166 Euripidem
1259 3117 1299 3151 ex·

391 3173 490 3233 pressit
513 3180 559 3222 aut
583 3173 708 3220 Latinum
733 3172 838 3234 positam
863 3181 991 3237 sequutus
1015 3181 1070 3234 est,
1093 3175 1139 3237 qui
1165 3173 1299 3240 Euripidis
1350 3221 1351 3228 χ

391 3240 509 3292 fabulam
528 3235 648 3292 imitatus
667 3247 732 3290 erat.

292 3362 297 3370 .
320 3320 480 3440 *⁸*)1F⁰¹¹f'
501 3327 845 3446 Aeschplpqumpugn.
860 3327 978 3394 189sqq.
1014 3327 1196 3446 Eurbipidis
1217 3327 1298 3444 Ippigg.

270 3497 281 3510 .
384 3411 473 3528 ild·
495 3395 1139 3527 ¹trit¹stittsislliciiiftai.
1157 3396 1297 3516 ”delo

390 3529 498 3581 Metam.
518 3533 584 3582 Xll.
602 3533 636 3586 26
655 3549 713 3598 sqq.
750 3533 884 3598 Hygini·
901 3536 954 3588 fab.
974 3534 1108 3588 XCVlll.

339 3629 367 3692 †)
390 3629 448 3678 Hoc
467 3635 553 3694 ipsum
575 3643 666 3684 narrat
684 3635 901 3690 Scholiastes
920 3639 1103 3704 Euripidis
1123 3633 1212 3686 Orest.
1231 3633 1296 3691 647.,

289 3711 292 3718 ’
388 3712 467 3760 quum
487 3699 653 3753 scholiastes
670 3707 738 3755 alius
757 3707 868 3754 adeum
887 3709 974 3770 ipsum
993 3710 1081 3758 locum
1100 3713 1176 3754 vates
1193 3706 1296 3754 omuino

289 3781 291 3786 ·
387 3771 518 3830 posuerit,
548 3776 684 3823 oraculum
715 3783 803 3826 autem
835 3775 982 3828 Tace-zos
1010 3779 1045 3828 ad
1068 3775 1203 3838 Lycophr·
1228 3777 1246 3824 l·
1266 3789 1295 3829 eo

387 3837 523 3889 mulierem
553 3843 685 3922 quandam
711 3845 761 3894 deo
785 3847 890 3908 plenam
931 3847 1053 3918 Dictys
1073 3845 1209 3896 Cretensis
1233 3846 1250 3893 l.
1274 3859 1293 3888 e.

304 3923 307 3928 ¹
386 3920 640 3958 commemoraverit.

315 4029 363 4093 ††)
381 4025 461 4075 Conf.
481 4025 607 4090 Hygini
625 4028 687 4080 lab..
700 4028 828 4080 XCVlll.
849 4032 880 4080 cl.
899 4032 987 4092 Dici.
1007 4031 1079 4083 Cret.
1101 4033 1118 4080 l.
1133 4048 1164 4092 e,
1185 4045 1293 4096 quorum

282 4129 286 4134 -
384 4097 427 4146 hic
445 4097 551 4160 quidem
570 4097 674 4148 Ulixem
698 4113 756 4147 cum
782 4099 914 4150 Diomede
930 4102 1064 4166 appellat,
1090 4100 1189 4163 Dictys
1208 4110 1293 4150 autem

282 4203 284 4209 f
385 4180 465 4214 riuum
490 4163 595 4214 Ulixem
622 4169 778 4218 nominatim
802 4169 875 4220 dicit.
921 4169 1065 4221 Taetzes
1097 4171 1133 4220 ad
1162 4169 1291 4234 Lycophr.

372 4235 399 4282 il.
420 4249 441 4282 c.
462 4249 516 4284 nou
537 4235 639 4298 profert
657 4237 814 4288 nominatim
834 4239 879 4301 qui
900 4239 972 4290 missi
991 4241 1051 4289 sint.

1363 2241 1367 2284 l
