2746 4774
228 363 328 448 ‚roo

647 360 959 426 ΕΥΡΙΠΙΔΟΥ

341 543 373 606 υἱ
398 539 544 622 νέρτεροι
571 540 659 611 θεοί,
674 539 728 602 καὶ
753 534 817 621 γὰρ
832 533 954 602 ἐνθάδ’
988 526 1030 615 ἦν
1049 535 1178 621 πικρόν,
1219 550 1285 610 (3‘20

343 646 401 715 inc
429 635 546 726 ὑφῆψε
574 635 650 720 δῶμ’
680 635 877 726 ἀνηφαίστῳ
903 641 992 720 πυρί.

342 741 500 812 Μενέλαε,
527 745 579 805 σοὶ
605 742 639 804 δὲ
666 737 743 804 τάδε
771 745 849 820 λέγω
878 739 988 824 δράσω
1015 763 1048 804 τι
1075 737 1171 824 τυρός·

344 848 371 907 sl
396 839 522 922 τούμὸν
547 843 650 925 ἔχθος
676 844 853 924 ἑναριθγιτῖ
881 838 982 920 κῆδός
1007 837 1040 904 τ’
1072 841 1163 924 ἐμόν,

341 942 386 1029 μὴ
414 939 493 1025 τῷδ’
523 940 663 1026 ἀμύνειν
687 941 797 1030 φόνου
823 947 974 1008 ἐναντίον
999 945 1114 1019 θεοῖς·

343 1049 381 1108 ἔα
406 1041 435 1110 δ’
466 1039 516 1108 ὑπ’
547 1041 660 1108 ἀστῶν
686 1045 988 1134 καταφονευθῆναι
1015 1049 1158 1129 πέτροις,
1217 1055 1278 1118 625

328 1144 362 1226 ἢ
390 1141 435 1228 μὴ
457 1141 601 1228 ’tristatos
629 1143 885 1227 Σπαρτιάτιδος
907 1140 1049 1227 χθονός.

342 1244 479 1312 τοσαῦτ’
510 1243 657 1322 ἀκούσας
682 1249 768 1320 ἴσθι,
793 1247 874 1328 μηδὲ
900 1247 1063 1330 suscepisse

344 1349 399 1439 ἕλῃ
425 1346 581 1429 παρώσας
607 1345 852 1431 εὐσεβεστέρους
882 1351 1018 1435 φίλους·

345 1444 435 1532 ἡμᾶς
460 1447 489 1514 δ’
517 1445 572 1512 ἀπ’
605 1447 702 1514 οἴκων
727 1445 822 1527 ἄγετε
843 1451 960 1529 τῶνδε,
987 1446 1181 1530 ττρόςτιολοι.

339 1692 628 1750 notationis.

338 1765 368 1818 V.
385 1765 445 1819 627.
482 1762 649 1829 δυσεβοῑσΑ.

337 1835 368 1885 V.
387 1836 447 1889 620.
484 1830 521 1884 ἐν
537 1837 660 1920 οἴκρνΑ.
687 1849 791 1901 αρσσττο
794 1837 1029 1902 1(υιίοτοευτοο5
1050 1837 1275 1902 alteramanu)A.
1358 1907 1359 1914 ρ

337 1906 370 1956 V.
388 1905 447 1959 630
484 1898 542 1970 ἡμῖν
561 1899 661 1956 οὑπιών
679 1905 709 1956 F

270 2131 366 2194 derit,
390 2131 502 2180 videA.
523 2129 687 2181 Matthiae
705 2144 744 2194 gr

269 2199 324 2250 Gr.
344 2203 422 2266 ampl.
453 2199 474 2265 §-
503 2199 562 2254 367
591 2199 615 2264 ξ.
638 2198 698 2255 372
723 2213 746 2253 ο.

268 2269 353 2320 Rost
371 2286 410 2332 gr.
429 2268 475 2319 Gr.
494 2285 521 2333 p.
540 2269 600 2322 539.
619 2271 660 2320 ed.
679 2275 745 2352 sept.

302 2339 336 2388 V.
363 2339 422 2393 620.
466 2339 517 2388 καὶ
545 2337 601 2404 γὰρ
630 2330 745 2388 ἐνθάδ’

270 2399 309 2471 ἦν
327 2406 458 2491 πικρόν]
477 2409 550 2459 Haec
564 2409 645 2459 verba
662 2423 745 2473 oppo-

268 2485 366 2527 nuntur
383 2480 416 2527 iis
424 2493 515 2542 ,quae
531 2484 745 2544 praecesserunt:

270 2542 286 2595 6
308 2543 442 2612 μισήσειαν
464 2546 598 2612 Αἰγίσθου
621 2547 693 2611 λέχος
715 2545 749 2596 Ol

268 2615 382 2681 νέρτεροι
402 2617 471 2675 θεοί,
490 2619 542 2681 ita,
560 2625 590 2668 ut
608 2620 682 2684 quasi
700 2633 748 2682 per

269 2689 400 2751 quandam
442 2689 592 2738 irrisionem
631 2689 745 2738 dicatur.

269 2759 389 2808 etenim
416 2759 514 2807 etiam
544 2758 594 2808 liic
623 2785 655 2797 -
683 2773 745 2808 non

269 2828 373 2878 solum
395 2827 480 2892 apud
502 2829 630 2878 inferos
655 2830 743 2877 -in

270 2898 347 2946 odio
376 2905 447 2947 erat
469 2897 530 2948 hoc
555 2898 748 2959 conubium,

797 2125 827 2192 τγτ
832 2123 939 2193 ’ἄνδρα
958 2130 999 2179 nal
1016 2125 1129 2192 ἴφθιμον
1139 2144 1185 2190 περ
1200 2123 1279 2178 ἐόντα
1358 2165 1359 2182 .

796 2195 898 2316 {lpas'
882 2215 940 2266 ατερ
959 2197 1040 2249 bulon
1059 2200 1100 2248 nal
1121 2192 1182 2264 cippi
1200 2215 1229 2262 γρ
1227 2195 1279 2262 ’ραὶ

812 2285 886 2317 ωηεν.

834 2339 863 2388 V.
886 2337 947 2391 622.
984 2337 1133 2395 Μενέλαε
1163 2337 1213 2384 σοὶ
1245 2333 1280 2385 δὲ

797 2405 870 2458 τάδε
893 2407 984 2476 λέγω]
1009 2409 1062 2458 Ubi
1085 2407 1205 2470 gravior
1203 2407 1277 2457 -dua·

796 2493 854 2528 rum
870 2480 940 2528 inter
958 2493 986 2527 se
1004 2492 1176 2542 personarum
1191 2491 1278 2540 oppo-

797 2550 860 2599 sitio
879 2555 932 2610 est,
950 2548 1018 2597 solet
1035 2548 1173 2598 vocativus
1190 2549 1277 2610 primo

796 2621 856 2668 loco
874 2619 989 2681 proponi
1008 2623 1033 2667 et
1056 2625 1111 2666 tum
1130 2631 1277 2681 pronomen

797 2704 856 2738 cum
878 2688 1008 2753 particula
1033 2689 1201 2737 adversativa
1228 2688 1275 2736 ad·

796 2757 884 2820 iungi,
903 2764 933 2806 ut
954 2758 997 2808 hic
1021 2763 1047 2806 et
1070 2758 1142 2806 infra
1158 2755 1233 2808 1065.
1249 2763 1276 2806 et

797 2843 888 2876 rursus
917 2827 993 2879 1675.
1022 2827 1050 2875 in
1073 2827 1138 2876 Hec.
1162 2824 1221 2880 372.
1249 2833 1277 2876 et

796 2912 887 2946 rursus
910 2896 986 2950 1287.
1013 2896 1048 2944 V.
1078 2896 1209 2958 Pilugk.
1240 2896 1276 2944 ad

268 2980 361 3030 nempe
384 2968 497 3017 inimicis
519 2967 744 3032 Clytaemnestrae
794 2967 930 3017 Hecubam
948 2983 973 3030 p.
991 2963 1033 3019 45.
1060 2965 1103 3014 ed.
1122 2964 1202 3015 Goth.
1228 2966 1276 3014 alt.

228 3093 232 3098 .
268 3040 296 3084 et
320 3037 427 3084 invidis.
471 3035 565 3102 Carpit
596 3045 682 3088 autem
712 3053 744 3086 eo

268 3105 340 3155 istud
366 3105 487 3156 Electrae
517 3108 645 3170 studium,
674 3108 744 3171 quod

267 3175 333 3225 dicit
352 3189 409 3225 eam
431 3189 525 3226 nomen
542 3177 687 3227 inferorum
697 3192 745 3240 op·

172 3246 175 3253 '
267 3246 403 3310 posuisse,
427 3260 505 3308 quum
528 3254 640 3298 mentem
670 3261 744 3296 suam

268 3315 354 3365 celare
372 3315 459 3365 vellet

242 3437 247 3448 .
302 3385 336 3434 V
355 3384 413 3438 621
450 3381 641 3468 insistite
669 3375 746 3444 δῶμ’

213 3479 219 3494 .
268 3446 457 3520 ἀνηφαίστῳ
487 3456 577 3520 πυρί]
605 3456 623 3504 1
647 3469 669 3503 e
693 3454 745 3502 ἀο-

267 3535 326 3570 nec
345 3526 499 3575 accendit
517 3525 666 3576 domum
659 3538 746 3588 igne,

268 3591 323 3653 qui
360 3591 544 3644 laetificam
584 3595 744 3644 flammam

265 3660 492 3712 nonhaberet.
527 3663 564 3712 Ut
581 3678 649 3712 emm
673 3664 744 3712 viui

268 3727 333 3778 ilos
350 3727 446 3779 Latine
464 3730 613 3782 Bacchus
638 3732 743 3812 dicitur²

268 3797 429 3848 Vocanus
457 3801 528 3884 ignis
562 3801 678 3866 lucidus
706 3801 743 3848 sic

266 3869 317 3918 hoc
340 3869 399 3920 loco
424 3869 476 3930 πῦρ
496 3863 657 3935 ἇνὴφαιστον
673 3870 754 3933 ignis

171 3993 172 3996 Ἴ
266 3945 321 3997 est
339 3939 385 4003 qui
408 3938 536 3990 flammeas
558 3939 670 3990 lucidam
687 3953 742 3988 nou

266 4009 346 4059 lrahet
348 4011 506 4092 nequead
512 4010 638 4060 laetitiam
656 4017 742 4058 vocat.

266 4077 349 4130 Tristi
368 4095 430 4129 vero
448 4081 509 4143 igne
527 4081 632 4130 accendi
652 4080 745 4129 domus

265 4217 512 4282 bilipessuundatur.
529 4219 741 4308 Mnsgrovius

266 4291 376 4337 contulit
386 4291 497 4340 Hesiodi
512 4289 564 4356 ἔργ.
580 4308 600 4338 κ.
620 4285 660 4354 ἦρ.
680 4289 741 4342 705.

829 3036 861 3086 V.
882 3035 932 3088 625
950 3050 990 3099 sq.
1022 3035 1093 3084 coni.
1112 3049 1178 3100 quse
1195 3050 1278 3099 supra

795 3106 866 3155 dicta
884 3112 945 3154 sunt
962 3105 996 3154 ad
1018 3121 1043 3155 v.
1061 3103 1121 3158 536.

833 3175 932 3228 0620.
962 3168 1043 3238 ἡμᾶς
1062 3169 1087 3223 δ’
1106 3166 1155 3222 ἀπ’
1173 3171 1275 3222 οἴκων

796 3241 885 3308 ἄγετε
928 3241 1036 3302 τῶνδε,
1077 3239 1274 3307 πρόσπολοι]

795 3315 876 3365 Recte
887 3315 1003 3364 instituit
1011 3315 1152 3379 Euripides
1163 3319 1192 3361 ut
1201 3313 1277 3376 Tyn·

797 3385 892 3434 dareus
916 3385 1019 3444 statim,
1037 3392 1185 3448 postquam
1217 3384 1275 3432 eius

796 3455 883 3504 minas
900 3455 933 3504 ad
946 3469 1073 3503 summam
1083 3455 1135 3502 vim
1145 3467 1273 3516 pervene-

796 3531 865 3606 οιτον,
885 3540 913 3574 se
930 3523 1025 3573 abduci
1041 3524 1140 3584 iubeat,
1157 3539 1192 3572 no
1210 3523 1274 3587 quid

796 3594 821 3643 ei
838 3593 994 3657 responderi
1018 3599 1064 3642 aut
1086 3593 1197 3656 transigi
1216 3607 1275 3641 cum

796 3677 828 3713 eo
846 3664 879 3714 ab
898 3664 980 3712 altera
999 3669 1074 3726 parte
1092 3663 1184 3726 possit.
1213 3661 1276 3712 Non

795 3732 1002 3783 aliter'liresias
1020 3735 1048 3782 in
1066 3730 1206 3795 Sophoclis
1219 3733 1276 3781 An-

795 3803 841 3866 tig.
864 3819 889 3852 v.
913 3801 981 3855 1042
1003 3817 1074 3866 τοο,
1099 3803 1144 3851 ubi
1164 3802 1276 3853 Creonti
1358 3841 1359 3850 .

796 3872 910 3920 minatus
933 3879 1002 3933 erat,
1023 3871 1120 3937 abduci
1148 3885 1181 3922 ss
1201 3870 1277 3922 iubet

773 3942 926 3990 rationem
947 3943 1026 3991 etism
1048 3943 1161 3992 reddens
1201 3957 1276 3992 uam·

797 4009 886 4061 obrem
904 4011 931 4060 id
948 4013 996 4061 flat
1011 4012 1099 4061 vorbis
1115 4012 1171 4061 his:
1183 4027 1203 4059 ω
1222 4015 1276 4067 παῖ,

797 4075 876 4128 οὐδ’
895 4075 961 4144 ἡμᾶν
978 4075 1070 4165 ἄγαγε
1081 4077 1149 4145 πρὸς
1166 4077 1276 4142 bonove,
1358 4131 1359 4134 ,

181 4177 185 4195 .
265 4148 375 4206 (licitur,
394 4165 460 4215 qnae
482 4151 599 4214 pernicie
617 4151 742 4200 lamenta·
793 4150 835 4197 ἵνα
858 4146 911 4200 Τὸν
929 4146 1018 4211 θυμὸν
1037 4141 1115 4202 οὗτος
1137 4149 1164 4200 ἐν
1184 4149 1276 4200 νεοττὲ·
1358 4185 1359 4198 2

793 4232 858 4283 pout
876 4213 941 4282 ἀφῇ,
962 4218 1013 4270 Kal
1031 4221 1086 4302 γνοῖ
1104 4217 1211 4284 τρέφειν
1230 4217 1278 4274 τὴν
1358 4243 1359 4290 γ

793 4284 940 4352 γλῶσσαν*
926 4286 1099 4354 ησυγιυτὲραν,
1115 4287 1168 4340 Τόι
1164 4307 1270 4340 νουντ
1358 4313 1359 4354 l
