2800 4774
461 355 766 429 PROOEMIUM.
1101 369 1121 427 c

104 539 199 596 atos
220 526 443 627 pinxisset
464 551 605 594 omnes
637 531 951 630 praecipueque
971 540 1121 616 patru-

104 638 168 680 um
190 628 230 681 et
251 621 471 679 trrstrtrae
493 637 646 680 omnem
676 614 899 702 imaginem
928 638 1122 682 eonsum-

104 701 289 786 psisset,
304 699 444 783 patris
466 699 602 786 ipsius
622 699 787 766 voltum
805 701 1123 786 velavit,quem

104 786 234 872 digne
256 807 337 849 nou
359 793 530 868 poterat
552 785 788 852 ostendere.
826 787 937 852 Huius
953 786 1058 873 ipsiu
1073 786 1123 874 pi·

105 881 222 936 cturae
236 867 466 935 similitudines
482 881 631 936 servatae
647 893 720 937 esse
734 871 890 937 dicuntur
899 893 1007 956 *quum
1022 873 1057 936 in
1069 894 1123 936 ur·

104 979 151 1020 na
173 976 354 1021 marmorea
374 954 539 1038 Medioea,
586 979 647 1021 uae
672 967 723 1024 est
745 957 947 1040 Florentiae,
970 956 1046 1022 ride
1068 957 1125 1021 Fr.

105 1039 328 1108 Welckeri
349 1040 460 1126 trilog.
483 978 640 1127 Acadiryl.
662 1065 694 1129 p.
718 1045 812 1126 412,
846 1053 917 1108 tum
940 1043 973 1107 in
1019 1041 1125 1107 ictura

105 1066 1124 1296 sarranrrrnr{sarralia-

107 1321 172 1364 ser.
196 1296 242 1360 ΙΙ.
264 1296 332 1361 tab.
356 1297 427 1378 92,
463 1298 549 1362 conf.
574 1296 612 1362 O.
639 1296 680 1368 Ο.
703 1239 936 1365 Miallerunh)
957 1297 1126 1364 Denlrmia·

107 1383 158 1448 ler
181 1381 240 1446 der
268 1381 355 1446 alten
379 1381 492 1447 Kunst
513 1381 553 1447 Τ.
578 1383 605 1448 Ι.
629 1385 697 1450 tab.
720 1384 852 1451 XLIV.
875 1409 905 1450 n.
929 1385 1002 1450 206.
1026 1393 1060 1448 at
1085 1405 1125 1450 ue

107 1466 182 1533 Ad.
202 1471 304 1532 'Aen
328 1465 494 1554 Lange,
519 1467 575 1554 qui
599 1467 639 1533 de
656 1469 842 1536 Timanthis
861 1467 1036 1558 Iphigenia
1059 1406 1127 1535 dis·

108 1553 215 1618 seruit
236 1553 270 1615 in
292 1551 341 1616 sin
369 1549 451 1616 ulari
472 1551 596 1637 libello,
622 1556 679 1639 qui
702 1554 825 1642 legitur
846 1555 881 1621 in
904 1555 975 1622 eius
996 1553 1129 1642 seriptis

107 1636 326 1704 miscellaneis
341 1573 589 1722 &remiseram
613 1639 796 1725 Schriften)
820 1663 852 1728 p.
873 1643 1062 1722 163-172,
1087 1637 1129 1703 de

108 1747 168 1788 ara
197 1732 306 1788 antem
329 1721 535 1800 Cleomenis,
564 1747 647 1808 quae
670 1747 757 1790 nunc
776 1725 971 1792 adservatur
991 1725 1130 1791 Floren-

108 1812 194 1892 tiae,
223 1809 257 1872 in
287 1829 354 1891 qua
380 1808 455 1891 ipsa
483 1830 549 1892 quo
575 1832 615 1874 ue
644 1809 839 1898 Iphigeniae
866 1810 1046 1876 immolatio
1074 1832 1130 1874 ex-

135 1915 228 1959 ressa
257 1902 325 1976 est,
360 1891 436 1957 vide
458 1891 523 1958 Fr.
610 1894 826 1961 elokerum
847 1893 869 1962 l.
893 1919 922 1962 c.
944 1919 976 1982 p.
999 1895 1074 1962 412.
1097 1903 1131 1960 et

109 1919 487 2046 Ilaoul·Rochette
512 1979 627 2045 Lettre
650 1986 669 2045 a
690 1982 739 2046 M.
763 1979 892 2048 Sohoru
914 2005 948 2067 p.
972 1981 1023 2045 64.

199 2144 378 2234 Euripides
407 2155 517 2214 autem
546 2149 581 2216 in
608 2150 671 2218 hac
701 2150 813 2217 tabula
835 2172 1041 2217 communem
1062 2148 1131 2214 fere

111 2233 155 2300 de
184 2231 378 2333 Iphigeniae
407 2233 508 2300 caede
530 2235 649 2301 lamam
672 2245 833 2322 sequutus
855 2244 924 2319 est,
954 2257 1053 2321 quam
1076 2257 1132 2300 ex-

8 2340 11 2358 *
110 2319 226 2406 posuit
247 2341 318 2406 ipse
340 2318 438 2385 huius
461 2319 591 2386 fabulae
613 2347 644 2388 v.
667 2324 856 2406 5-40.‚ur,
878 2322 943 2388 nisi
970 2341 1132 2406 occupare

8 2415 10 2482 l
110 2405 263 2470 volumus
288 2425 371 2488 quae
394 2403 550 2492 deinceps
580 2406 611 2473 le
637 2430 727 2474 emus
749 2407 829 2494 ipsi,
862 2406 996 2474 caedem
1019 2428 1132 2492 qnem-

111 2487 290 2556 admodum
325 2489 479 2556 instituta
520 2493 566 2558 sit
596 2432 746 2578 pluribus
776 2492 839 2560 hoc
874 2493 948 2559 loco
981 2513 1132 2558 enarrare

112 2597 198 2662 opus
221 2599 287 2640 non
311 2575 366 2658 sit,
388 2575 472 2642 illud
493 2577 604 2666 potius
633 2574 687 2644 hio
710 2578 856 2644 breviter
877 2599 1133 2644 commemoran-

113 2660 192 2726 dum
220 2659 370 2743 videtur,
402 2685 468 2726 non
498 2672 586 2729 recte
617 2663 692 2729 illos
721 2663 762 2728 de
793 2663 1016 2730 immolatione
1039 2662 1134 2750 Iphi·

9 2781 10 2784 *
112 2747 231 2833 geuiae
254 2745 471 2830 indicavisse,
503 2749 558 2831 qui
582 2771 653 2814 eam
675 2759 804 2814 tanturn
825 2758 1051 2836 praeparatam
1073 2747 1134 2835 sio,

114 2830 391 2917 quemadmodum
420 2831 530 2899 Isaaoi
565 2833 748 2900 immolatio
782 2834 823 2899 ab
853 2835 1045 2900 Abrahamo
1072 2831 1135 2897 deo

113 2916 228 2982 oblata
262 2926 369 3000 esset,
409 2917 469 2984 sed
506 2941 572 2984 nou
605 2928 828 3007 perpetratam
866 2941 940 2985 esse
978 2919 1135 2984 dicerent.

113 3003 202 3070 Nam
224 3001 279 3067 ille
303 3001 435 3087 quidem
459 3013 594 3104 paratus
611 3005 715 3070 filium
732 3015 887 3088 mactare,
910 3027 1011 3088 quum
1032 3027 1053 3068 a
1073 3003 1136 3068 deo

113 3088 261 3154 monitus
283 3096 385 3172 esset,
407 3111 449 3154 ne
464 3087 499 3154 rd
513 3089 647 3174 faceret,
670 3092 743 3179 ipse
766 3090 962 3158 sacrificium
978 3089 1136 3176 perficere

9 3225 11 3246 .
115 3173 265 3255 destitit,
296 3176 526 3260 Agamemnon
555 3186 683 3261 autem,
735 3186 872 3241 uantum
903 3175 936 3240 in
964 3197 1000 3240 se
1036 3180 1136 3254 esset,

114 3255 342 3361 perseuerauit
364 3259 465 3324 filiam
495 3258 659 3328 occidere.
703 3201 792 3326 liam
814 3261 920 3347 ipsam
942 3257 1138 3345 Iphigeniae

114 3343 375 3410 immolationem
404 3355 591 3433 susceptam
619 3347 668 3412 sic
690 3369 781 3431 esse,
813 3356 851 3412 ut
873 3344 1008 3432 sanguis
1036 3341 1138 3429 virgi·

116 3431 171 3498 nis
192 3428 464 3516 profunderetur,
497 3443 597 3517 atque
619 3431 702 3497 adeo
725 3431 786 3496 ini
812 3453 849 3497 sa
871 3431 1001 3496 demum
1024 3427 1139 3494 immo·

116 3517 262 3598 latione,
285 3515 332 3580 ita
356 3525 392 3581 ut
413 3539 510 3585 nemo
534 3541 661 3602 eorum,
684 3517 742 3601 qui
763 3455 936 3599 adessent,
973 3513 1007 3579 id
1029 3515 1138 3602 ipsum

119 3599 416 3684 animadverteret,
461 3603 502 3668 ah
532 3603 645 3670 Diana
672 3603 835 3690 virginem
863 3609 1026 3671 servatam
1055 3622 1140 3675 esse,
1187 3659 1196 3668 .

119 3685 210 3772 quod
242 3708 372 3752 cervam
399 3687 471 3753 eius
501 3688 575 3754 loco
611 3697 832 3775 supponeret,
872 3687 1036 3754 communi
1072 3686 1140 3751 fere

118 3773 266 3838 omniurn
288 3771 375 3838 sama
394 3772 548 3856 traditur,
571 3788 609 3839 nt
629 3773 805 3862 Iphigenia
827 3774 868 3840 ab
890 3778 1141 3860 Agamemnone

119 3874 215 3946 patre
238 3879 355 3943 caesa,
378 3857 507 3927 Dianae
536 3869 646 3926 autem
667 3861 800 3926 numine
822 3870 952 3926 servata
974 3879 1049 3924 esse
1070 3857 1142 3920 iure

121 3944 188 4010 dici
215 3951 340 4030 posset.
380 3941 424 4012 In
451 3967 524 4012 eam
552 3945 748 4011 sententiam
778 3954 811 4012 et
833 3944 1044 4012 Pindarus
1074 3959 1142 4003 ma·

10 4041 12 4104 ξ
121 4039 244 4096 statam
266 4029 476 4131 Iphigeniam
498 4031 585 4097 abA
612 4053 805 4098 amcmnone
827 4029 909 4097 dicit
921 4050 1020 4131 carm.
1043 4021 1141 4126 Pyth3

10 4161 11 4214 ,
121 4115 187 4181 XI.
211 4117 263 4182 22.
285 4115 362 4200 llic,
392 4137 490 4202 quem
519 4137 572 4184 mo
598 4141 618 4184 o
646 4117 838 4205 posuImus,
860 4115 952 4182 loco:
988 4114 1137 4197 [pertvsa

10 4223 11 4234 ¹
121 4201 168 4268 Μ’
193 4200 330 4288 Εὐρίπῳ
355 4207 554 4291 σφαχθεῖσα
574 4205 652 4284 τῆλε
676 4197 815 4298 φράτρας.
839 4211 874 4267 et
896 4193 1158 4300 Aeschylus*
