2730 4774
1078 370 1117 434 21

1 589 2 603 ι
89 547 155 608 τῶν
182 541 295 608 ἄλλων
322 549 470 627 προέχειν
497 543 604 607 δοκῶν
631 537 736 627 ολρχῐγς
764 569 794 607 τε
809 549 945 627 μεγέθει
961 548 1014 610 καὶ
1033 545 1115 624 πλή-

1 708 2 716 ,
89 651 147 712 θει
175 647 276 710 νεῶν·
305 649 425 710 ἑκατόν
445 641 509 727 γάρ
537 645 620 718 ναῦς
647 650 692 718 εὶς
710 640 771 722 τήν
788 646 982 713 τούστόλον
1002 657 1114 714 σνντέ·

87 750 182 812 λειαν
209 753 360 834 εέςέιγερε.
395 750 451 810 καὶ
488 743 525 820 ὃς
550 731 675 828 μέλλέιιν
702 741 899 828 ἀνάγεσθαι
925 751 1116 812 καταλείπει

1 895 2 918 ,
87 850 156 912 τῶν
184 847 270 913 οἴκοι
298 843 505 931 πραγμάτων
532 843 639 912 αὐτοῦ
660 845 860 926 ἐπιμελητήν
887 852 942 912 καὶ
969 847 1115 930 προστά-

88 973 153 1028 την
178 947 362 1030 Αίγισθον.
388 951 455 1013 ἐπεὶ
485 944 632 1019 δέπολύς
654 943 776 1024 η’νύετο
790 947 913 1031 χρόνος
939 952 993 1012 καὶ
1015 945 1111 1029 Ἀγα-
1137 935 1166 1013 δ’

1 1083 2 1086 “
85 1058 220 1132 μέμνων
247 1045 347 1114 οὐκέτ’
379 1046 524 1140 ἐπανῄει,
549 1043 604 1112 οἶα
633 1047 672 1126 δή
698 1047 808 1114 πολλὰ
836 1053 972 1132 γίνεται,
997 1051 1117 1128 συνήλ-

88 1157 158 1214 θεν
182 1148 345 1234 ἀθέσμοις
375 1147 544 1232 Αίγισθος
563 1147 850 1234 Κλυταιμνήστρᾳ
865 1151 913 1243 τῇ
943 1153 1002 1217 τοῦ
1017 1149 1117 1234 Ἀγα-

1 1239 2 1306 ἶ
85 1257 257 1336 μέμνονος
292 1255 434 1334 γυναικί.
471 1246 647 1334 μαθόντες
679 1252 713 1314 δέ
743 1247 1024 1336 Κλυταιμνήστρα
1061 1253 1116 1316 καὶ

90 1352 265 1432 Αἴγισθος
291 1348 354 1429 τήν
388 1373 422 1415 τε
455 1349 584 1432 Τροίαν
620 1347 772 1415 ἁλοῦσαν
804 1356 858 1417 καὶ
884 1351 1116 1437 Ἀγαμέμνονα

1 1507 2 1524 ,
87 1452 174 1535 μετά
202 1453 270 1516 τῶν
295 1452 407 1516 ἄλλων
435 1449 547 1516 οέκαδε
573 1453 718 1516 πλέοντα
745 1451 966 1537 βουλεύονται
994 1455 1117 1518 τοῦτον
1141 1461 1180 1527 10

89 1551 152 1634 τῆς
189 1555 298 1628 οἰκίας
329 1555 566 1635 ἐπειλημμένον
593 1549 806 1631 ἀποκτενεῖν,
842 1561 897 1618 ἵνα
923 1553 969 1638 μή
997 1553 1118 1635 ταύτην,

86 1657 306 1738 γνωσθέντος
333 1656 392 1719 τοῦ
420 1655 515 1741 σιγῶν
540 1651 811 1736 πονηρεύματος,
841 1653 939 1720 αὐτοὶ
968 1658 1118 1738 παραδο-

89 1761 189 1820 θεῖεν
217 1751 382 1838 θανάτῳ·
418 1749 436 1820 δ
470 1752 510 1834 δή
538 1756 592 1818 καί
620 1750 764 1833 ήνυσαν,
797 1757 852 1820 καὶ
879 1752 1116 1821 ἐπανελθόντα

89 1853 154 1922 τόν
180 1852 411 1939 Ἀγαμέμνονα
431 1851 676 1920 ἀποκτείνουσι.
700 1856 826 1939 χιτῶνα
851 1852 917 1937 γὰρ
942 1853 988 1938 μή
1016 1851 1118 1934 διεξό-

89 1963 171 2033 δους
194 1949 342 2042 κεφαλῆς
369 1959 423 2021 καὶ
448 1956 566 2040 χειρῶν
593 1961 712 2038 έχοντα
738 1953 822 2040 μετά
838 1953 875 2020 τό
900 1953 1043 2036 λουτρόν
1068 1963 1117 2019 ἐν·
1144 1965 1183 2032 15

89 2055 281 2124 διδάσκουσι
303 2059 366 2121 ’καὶ
392 2057 507 2139 ἐντηῖ
536 2057 659 2120 πελέκει
686 2059 808 2122 τοῦτον
834 2053 1024 2146 φονεύουσι.
1064 2079 1121 2140 με·

93 2157 175 2238 ταξύ
211 2161 297 2242 γοῦν
332 2159 392 2222 τοῦ
416 2153 696 2240 Ἀγαμεμνονείου
730 2155 839 2244 ιγόνου
864 2157 1028 2241 Ἠλέκτρα
1062 2155 1121 2221 τόν

89 2257 245 2348 άδελιγόν
270 2257 433 2341 Ὀρέστην,
461 2263 518 2323 ἵνα
543 2255 589 2340 μὴ
620 2261 674 2323 καὶ
702 2249 801 2334 οὗτος
816 2257 1030 2342 ἀναιρεθείη,
1050 2261 1121 2323 κλέ·

91 2379 192 2449 ψασοι
226 2362 283 2425 καί
308 2381 373 2423 τινι
399 2361 505 2424 δοῦσα
542 2361 743 2442 παιδαγωγῷ
778 2366 822 2436 είς
854 2361 989 2424 Φωκίδα
1025 2354 1117 2442 παρὰ

90 2459 277 2548 Στρόιγιου
303 2467 430 2542 πέμπει,
452 2463 554 2545 εγίλον
580 2463 636 2525 καὶ
663 2462 801 2543 συγγενῆ
830 2455 1036 2545 τοῦπατρὸς
1058 2457 1119 2524 αύ-
1144 2467 1186 2530 20

92 2565 152 2642 τῆς
182 2557 403 2645 τυγχάνοντα.
446 2559 596 2644 Ὀρέστης
632 2563 665 2626 δέ
694 2566 739 2637 είς
761 2557 890 2647 ἄνδρας
919 2558 1025 2642 ἥκων,
1057 2585 1122 2626 πα-

92 2659 256 2750 ραλαβών
283 2658 449 2741 Πυλάδην
475 2658 536 2726 τόν
562 2665 667 2727 παῖδα
693 2663 891 2750 Στροφίου,
923 2659 969 2748 ἐφ’
1000 2652 1026 2744 ᾧ
1053 2658 1118 2748 μετ’

92 2761 204 2830 αὐτοῦ
232 2761 406 2843 Αίγισθον
419 2764 474 2827 καὶ
495 2759 796 2846 Κλυταιμνήστραν
815 2760 1047 2848 τιμωρήσαιτο,
1064 2787 1124 2826 κα-

93 2859 304 2948 ταλαμβάνει
330 2863 450 2950 λάθρᾳ
477 2855 665 2947 τδἎργος.
692 2868 749 2929 καὶ
771 2861 922 2948 χρησμόν
950 2863 1041 2946 παρὰ
1061 2863 1123 2926 τοῦ

98 2969 245 3032 Πυθίου
272 2961 447 3048 δεξάμενος
473 2966 575 3030 τοῦτο
604 2976 720 3041 ποιεῖν,
749 2968 883 3051 πρῶτον
907 2967 968 3051 μέν
995 2968 1124 3050 ἐρχτται
1145 2981 1185 3044 25

95 3062 183 3149 πρός
212 3061 280 3130 τόν
302 3065 362 3131 τοῦ
392 3063 520 3149 πατρὸς
556 3061 667 3156 τάιρον
694 3070 748 3130 καὶ
777 3065 874 3142 θύει,
902 3061 973 3132 εἶτά
1004 3089 1036 3129 τι
1062 3089 1124 3148 μη-

91 3169 244 3253 χανᾶται
273 3162 412 3248 τοιόνδε.
442 3163 502 3231 τόν
529 3161 594 3250 γάρ
622 3164 853 3250 παιδαγωγόν,
888 3157 913 3250 ᾧ
942 3163 1034 3255 παρὰ
1064 3167 1125 3244 τῆς
1181 3196 1191 3204 ·

92 3259 279 3353 Ἠλέκτρας
304 3264 411 3331 πάλαι
439 3269 631 3345 πιστευθεὶς
660 3257 747 3347 ἧκεν,
774 3264 818 3344 ὡς
836 3273 970 3354 ἐςεημεν,
996 3272 1042 3341 είς
1061 3261 1124 3344 τήν

98 3371 249 3445 Φωκίδα,
278 3370 404 3455 τοῦτον
426 3373 609 3454 προπέμπει
636 3375 680 3448 είς
706 3368 877 3449 Αἴγισθον
905 3369 959 3432 καί
981 3369 1125 3440 Κλυται-

95 3467 275 3553 μνήστραν
301 3471 459 3553 λέγοντα,
493 3466 537 3546 ὡς
560 3467 708 3551 Ὀρέστης
735 3477 769 3532 ἐν
801 3471 972 3558 Πυθικοῖς
996 3463 1124 3545 ἄθλοις
1148 3469 1190 3535 30

96 3571 258 3661 ἀνῃρέθη
276 3572 332 3634 καὶ
359 3573 420 3634 νῦν
446 3567 566 3654 ἄνδρες
592 3568 633 3633 τὰ
663 3567 785 3634 τούτου
812 3570 895 3634 όστᾶ
925 3577 959 3634 ἐν
983 3571 1125 3654 κιβωτίῳ

97 3672 302 3752 κομίζουσιν,
326 3673 382 3737 ἵνα
410 3669 576 3754 πατρῴων
599 3673 682 3754 γοῦν
701 3667 820 3760 τάιγοιν
837 3669 927 3762 τύχῃ.
952 3669 1127 3762 ύπαχθέν·

99 3797 155 3848 τες
181 3774 215 3836 δέ
243 3772 282 3862 τῇ
318 3771 456 3864 τοιαύτη
490 3767 608 3863 ἀπάτη
636 3770 921 3857 Κλυταιμνήστρα
947 3776 1001 3838 καὶ
1030 3769 1125 3852 Αίγι-

98 3874 202 3949 σθος,
226 3873 283 3936 ἵνα
309 3867 356 3956 μή
376 3873 599 3963 μακρολογῶ,
634 3873 859 3958 ἀναιροῦνται
885 3869 951 3938 ὑπὸ
975 3871 1127 3956 Ὀρέστου

101 3975 161 4039 καὶ
189 3970 362 4052 Πυλάδου,
390 3971 504 4060 πρώτη
529 3975 590 4058 μέν
621 3970 916 4060 Κλυταιμνήστρα,
941 3969 1077 4060 ὕστερος
1093 3972 1127 4037 δὲ
1150 3991 1191 4056 35

107 4119 312 4132 m
545 4129 547 4134 ,
554 4117 556 4125 ⁴

179 4201 209 4253 V.
228 4203 254 4256 6.
277 4201 359 4254 πολλὰ
380 4202 537 4256 δεΙετίϊοΙε
555 4202 734 4267 Numidas,
761 4205 787 4255 id
807 4204 879 4268 qnod
899 4203 1002 4255 minime
1021 4201 1114 4266 probo.

181 4270 211 4323 V.
231 4271 272 4326 16.
292 4269 389 4340 μεταξύ
410 4273 431 4325 δ’
451 4265 499 4324 οὖν
516 4275 617 4326 mavult
634 4272 811 4326 Νευοέιίιιε.
