2790 4774
475 321 780 390 PROOEMIUM.
952 347 958 364 ¹
1114 328 1134 390 9

116 513 219 576 opem
242 497 354 575 petere
378 491 500 576 possit,
530 495 691 578 privatam
715 484 845 576 videat,
876 491 1014 558 Achillia
1038 517 1133 580 opem

116 577 275 662 implorat
297 575 338 641 ab
361 599 467 662 eoque
489 579 664 665 impetrare
686 580 839 664 precibus
861 577 990 658 studet,
1023 591 1059 644 ut
1081 602 1132 644 sa·

116 663 182 729 luti
205 660 401 748 Iphigeniae
430 664 536 747 ipsius
564 667 695 731 nomine
719 665 914 750 interposito
943 663 1007 730 huc
1035 687 1132 730 voca·

116 759 175 812 tae
198 748 359 820 considat.
414 749 498 832 Hic,
529 773 594 835 qua
618 752 681 816 fuit
710 775 776 816 non
800 749 992 815 fortitudine
1010 750 1132 834 solum,

116 855 234 902 rerum
258 833 355 910 etiam
379 833 571 919 prudentia,
593 837 723 919 suadet,
747 846 784 900 ut
801 837 903 921 prius,
928 835 1133 920 quamquid·

117 943 220 1004 quam
241 919 275 984 vi
295 931 429 1006 agatur,
454 917 718 1006 Clytaemnestra
740 921 896 1006 precibus
911 924 1133 1006 Agamemno-

117 1005 171 1070 nis
195 1005 339 1070 animum
362 1003 495 1070 flectere
519 1007 673 1086 studeat}
697 1009 725 1072 si
748 1007 782 1072 id
804 1007 932 1094 irritum
947 1008 1058 1089 fuerit,
1073 1029 1132 1070 au-

117 1091 235 1158 xilium
258 1113 299 1156 se.
315 1113 381 1154 non
403 1089 661 1158 detrectatorum
684 1092 774 1159 dicit.
818 1093 862 1156 Hi
893 1091 949 1156 ubi
972 1091 1132 1158 discesse-

115 1186 216 1259 runt,
247 1176 369 1243 chorus
392 1177 523 1262 nuptias
548 1178 647 1244 Pelei,
663 1188 699 1242 et
722 1176 874 1243 Thetidis
902 1177 1043 1244 carmine
1066 1199 1133 1242 me-

116 1263 184 1327 lico
208 1259 388 1347 praedicat,
413 1285 497 1347 quae
511 1265 631 1330 Troiae
654 1265 772 1329 fatales
794 1263 926 1344 luerint,
950 1285 998 1342 ne,
1012 1263 1133 1348 impiae

117 1346 253 1432 quidem
275 1345 469 1434 Iphigeniae
490 1350 737 1434 immolationiS,
760 1371 845 1434 quae
869 1349 913 1412 sit
929 1348 1051 1431 futura,
1072 1348 1132 1418 im-
1214 1427 1218 1438 Ι

116 1456 251 1498 memor.

205 1519 275 1582 Iam
290 1539 402 1582 rursus
416 1517 512 1583 adest
522 1518 786 1608 Clytaemnestra
800 1541 874 1586 cum
886 1518 1061 1606 Iphigenia
1073 1542 1132 1605 op·

116 1603 248 1692 periens
262 1605 555 1690 Agamemnonem,
580 1607 675 1691 eique
697 1605 886 1678 advenienti
902 1606 1007 1690 aperit
1024 1605 1080 1668 illa
1096 1627 1131 1670 se

116 1691 203 1756 scire
226 1690 290 1755 iam
314 1689 396 1772 quid
420 1713 455 1754 re
478 1713 557 1754 vera
571 1692 679 1757 facere
701 1692 792 1774 velit,
816 1691 856 1756 ab
877 1713 985 1776 ,eoque
1005 1713 1132 1755 summo

116 1799 217 1862 opere
239 1775 413 1840 contendit
433 1777 604 1861 precibuS,
630 1787 667 1841 ut
689 1799 709 1840 a
731 1777 893 1842 scelerato
914 1774 1132 1840 immolandae

115 1861 206 1927 filiae
227 1859 367 1926 consilio
390 1860 540 1928 desistat.
580 1861 653 1929 Sed
675 1885 736 1928 nec
759 1863 815 1927 illa
837 1885 945 1946 neque
967 1863 1039 1947 ipsa
1051 1859 1130 1942 filia,

115 1970 203 2032 quae
226 1945 316 2012 molli
339 1947 896 2034 orationemisericordiampatris
925 1967 1148 2013 commovere·
1172 1975 1178 1986 ·

116 2033 249 2116 studet,
288 2032 467 2116 quidquam
506 2034 547 2099 ab
570 2037 825 2121 ¹Agamemnone
853 2035 1025 2119 impetrat,
1066 2053 1132 2114 quo

115 2121 226 2184 minus
248 2119 428 2184 immolatio
450 2119 525 2202 fiat,
556 2121 612 2204 qui
640 2121 704 2184 iam
728 2120 957 2186 necessitatem
986 2117 1050 2188 sibi
1071 2118 1131 2180 im·

137 2206 260 2272 ,ositam
291 2227 462 2290 opponens
490 2205 569 2271 abit.
623 2207 710 2272 Dum
741 2205 897 2270 mulieres
929 2203 1131 2270 muliebriter

115 2229 355 2372 iirmentantur,
379 2290 471 2373 venit
493 2291 745 2376 Achilles,‘qui
765 2291 807 2356 ab
830 2290 976 2356 exercitu
998 2288 1131 2373 quidem

13 2387 14 2428 ἐ
116 2399 244 2444 summa
267 2377 489 2458 contentione,
513 2385 550 2442 ut
570 2377 758 2442 immolatur
779 2379 842 2442 iam
860 2376 936 2462 Iphi
961 2376 1047 2457 enia,
1071 2398 1131 2462 poe·

116 2462 234 2528 stulari
258 2461 356 2543 dicit,
390 2461 449 2526 sed
471 2484 506 2528 se
527 2471 638 2528 tamen
660 2472 811 2547 paratum
834 2399 999 2544 ostendit,
1028 2470 1066 2527 ut
1086 2461 1130 2526 ab

115 2547 311 2634 Iphigenia,
335 2545 370 2611 id
392 2547 482 2631 quod
505 2549 538 2612 in
562 2571 597 2636 se
617 2551 797 2634 receperit,
829 2549 895 2616 vim
918 2547 952 2612 vi
975 2546 1129 2633 depellat
1208 2555 1214 2566 ‘

13 2639 15 2662 '
115 2637 166 2700 At
193 2633 250 2698 illa
279 2655 441 2719 generoso
471 2656 537 2716 quo
567 2635 630 2698 fuit
653 2637 779 2718 animo,
813 2635 871 2700 ubi
899 2633 1130 2698 necessitatem

13 2751 14 2792 r
115 2729 151 2784 et
173 2719 260 2803 patri
282 2729 316 2784 et
337 2719 401 2784 sibi
423 2719 609 2818 impositam
633 2722 800 2806 cognovit,
823 2730 863 2784 ut
882 2719 1012 2806 patriae
1031 2717 1129 2782 saluti

13 2867 14 2870 ,
113 2805 316 2892 prospiciat,
347 2805 412 2868 iam
435 2827 563 2890 rpsase
586 2805 627 2869 ad
655 2805 853 2872 sacrificium
884 2805 961 2870 duci
983 2803 1075 2868 iubet
1098 2811 1131 2872 et
1173 2823 1176 2838 ¹

115 2891 207 2975 quod
230 2890 351 2957 evitari*
369 2913 467 2975 posse
490 2915 556 2956 non
577 2891 708 2956 videtur
738 2893 840 2956 latum
863 2889 992 2956 fortiter
1019 2888 1129 2954 subire

114 2986 232 3062 parata
261 2985 321 3042 est.
353 2966 474 3042 'Nunc
506 2977 649 3060 denique
683 2977 825 3042 Achillis
861 2977 989 3040 animus
1019 2996 1129 3038 amore

114 3063 266 3149 virginis,
280 3063 392 3146 ¹quam,
416 3063 550 3149 egregia
571 3063 671 3128 animi
683 3061 920 3148 magnitudine
936 3082 1008 3125 esse
1026 3055 1129 3140 videt,

114 3151 359 3229 commovetur,
388 3171 525 3232 eamque
555 3149 643 3212 omni
666 3147 764 3214 modo
797 3143 1052 3214 servare-fortis
1074 3141 1129 3208 ille

114 3235 245 3306 iuvenis
268 3237 402 3320 paratus
433 3243 502 3316 est,
534 3244 568 3298 et
597 3257 697 3318 quum
726 3233 901 3320 Iphigenia
932 3231 1003 3295 eius
1033 3249 1128 3314 opem

113 3343 204 3386 nunc
228 3319 361 3403 quidem
384 3316 596 3404 deprecetur,
627 3329 736 3387 tamen
768 3342 804 3384 se
834 3315 876 3382 ad
898 3316 1055 3402 templum
1078 3337 1129 3378 ar·

114 3416 239 3470 matum
264 3404 378 3472 adl'ore
401 3403 500 3488 dicit,
524 3415 578 3487 ut,
601 3407 630 3471 si
653 3404 733 3490 quid
756 3410 839 3490 opus
862 3402 979 3484 fuerit,
1009 3400 1051 3466 ab
1074 3399 1130 3464 illa

115 3492 239 3556 auxilio
262 3492 375 3556 vocari
399 3491 517 3578 possit.
570 3491 729 3558 Extremo
761 3491 848 3557 inter
870 3497 1006 3555 matrem
1036 3495 1068 3554 et
1090 3485 1129 3552 fi-

112 3577 192 3642 liam
221 3576 387 3660 colloquio
410 3575 524 3642 habito
555 3587 769 3664 etsuprema
799 3575 997 3642 salutatione
1026 3575 1127 3656 faeta,

113 3664 186 3730 abit
208 3661 251 3727 ad
274 3661 472 3728 sacrifioium
485 3662 663 3751 Iphigenia
684 3664 816 3728 funebri
840 3686 914 3728 cum
937 3670 1050 3744 cantu,
1074 3661 1129 3725 oui

113 3749 236 3815 chorus
260 3771 388 3814 sacrum
411 3771 537 3833 paeana
559 3751 690 3836 accinit,
949 3757 952 3760 ’

199 3835 265 3900 His
288 3835 449 3920 peractis,
481 3835 617 3902 utfinis
647 3833 778 3908 fabulae
806 3835 1063 3921 imponeretur,¹
1078 3829 1128 3894 ni·

102 3921 159 3986 'hil
189 3919 281 3988 aliud
306 3919 467 4004 reliquum
499 3932 569 3986 erat
595 3923 660 3988 nisi
688 3923 796 4008 ipsum
826 3919 1035 3986 sacrificium.
1086 3912 1142 4004 Id¹

113 4031 221 4092 quumv
238 4006 273 4070 in
297 4027 418 4072 scaena
440 4007 515 4091 ipsa
530 4007 645 4092 perfici
660 4032 725 4074 non
740 4007 906 4093 posset*),
930 3999 1128 4068 narrandum

146 4206 178 4270 θ)
196 4210 217 4252 Γ
220 4209 275 4258 ool.
295 4210 438 4274 Horatii,
453 4219 502 4263 ert.
523 4212 617 4275 poetic.
639 4209 690 4263 183
710 4225 768 4272 sqq·
