2800 4774
454 331 759 400 PROOEMIUM.
1077 339 1114 400 13

85 508 223 592 lemque
238 505 320 572 deae
329 505 513 585 cuiusdam,
527 505 581 568 cui
596 505 757 570 humanae
768 504 921 574 victimae
935 503 1113 574 caederen-

85 605 155 675 tur,
172 592 301 662 cultum
311 592 414 658 fuisse
429 588 520 740 apud
535 590 676 674 Tauros,
689 588 856 674 dequibus
867 589 1111 658 Herodotus

84 679 145 744 lib,
169 677 233 744 IV.
258 700 286 743 c.
313 680 383 745 103¹.
407 698 442 740 re
459 685 546 740 erat:
578 675 715 740 Τούτων
743 679 871 762 atnepos
891 681 954 759 pia
975 677 1111 760 νόμοισι

84 767 252 830 τοιοισίὸι
273 773 452 848 χρέωνται·
477 757 607 826 θύουσι
631 763 671 852 σν]
693 765 857 846 παρθένῳ
881 758 959 838 τούς
981 785 1015 826 ra
1039 787 1110 826 ναο-

85 846 194 931 arusie
233 853 289 914 καὶ
332 846 411 924 τούς
447 840 489 912 ἂν
527 843 656 928 λάβωσι
691 849 757 910 τῶν
790 843 959 926 Ἑλλήνων
993 854 1110 914 tuaru-

79 939 243 1017 χθέντος
272 933 387 1017 τροπῳ
413 933 551 1014 τοιῷδε·
576 928 822 1016 καταρξάμενοι
851 929 946 1016 (νόσῳ
972 937 1110 1000 παίουσι

85 1016 151 1098 τὴν
184 1017 350 1107 κεφαλήν·
380 1022 413 1084 ci
441 1020 501 1103 μὲν
530 1015 572 1096 dri
603 1020 754 1102 λέγουσι,
783 1015 827 1093 ὠς
857 1015 894 1084 τὸ
926 1018 1021 1100 σῶμα
1043 1015 1110 1083 ἀπο

84 1108 151 1170 τοῦ
174 1107 327 1189 κρημνοῦ
349 1107 537 1168 duodenum
561 1099 666 1168 κάτω·
689 1106 741 1168 ἐστὶ
762 1100 825 1186 γὰρ
848 1107 999 1187 κρημνοῦ
1023 1107 1110 1192 ἴδρυ·

84 1216 144 1254 ται
178 1187 217 1254 τὸ
250 1186 341 1275 ἱρόν·
372 1185 434 1266 τὴν
462 1191 497 1254 δὲ
531 1185 680 1275 κεφαλὴν
713 1189 978 1272 ἀνασταυροῦσι·
1012 1194 1044 1256 oi
1075 1193 1109 1256 dt

85 1277 176 1340 κατὰ
198 1279 260 1357 μὲν
279 1271 340 1354 τὴν
369 1271 519 1361 κεφαλὴν
542 1271 782 1357 ὁμολογέουσι,
803 1270 888 1338 ἀλλὰ
909 1275 951 1362 γῇ
975 1272 1109 1361 κρύπτο-

85 1363 190 1425 ndat.
213 1357 274 1440 τὴν
297 1363 332 1426 δὲ
354 1363 501 1442 δαίμονα
524 1355 649 1438 ταύτην
671 1359 711 1448 τῇ
747 1356 874 1426 θύουσι
894 1362 1030 1443 λέγουσι
1051 1359 1109 1426 ad·

84 1451 143 1511 roi
166 1448 294 1528 Ταῦροι
313 1445 515 1532 Ἰφιγένειαν
538 1447 599 1523 τὴν
610 1444 859 1526 Ἀγαμέμνονος
882 1443 978 1510 εἶναι.
1010 1443 1110 1528 Quod

15 1593 16 1596 ,
86 1542 201 1595 autem
225 1553 264 1596 ea
294 1527 356 1596 dea
378 1526 555 1616 Iphigenia
578 1529 835 1616 Agamemnonis
867 1529 935 1594 fllia
964 1551 1037 1598 esse
1060 1531 1110 1596 di·

86 1626 220 1680 ceretur
242 1617 276 1680 in
300 1616 364 1682 iliis
388 1615 488 1697 locis,
518 1614 552 1680 id
575 1637 641 1678 non
665 1635 738 1680 esse
766 1623 878 1680 natum
907 1616 971 1680 nisi
1000 1639 1109 1684 errore

86 1712 227 1788 propter
249 1700 495 1767 similitudinem
518 1699 659 1774 nominis
682 1699 768 1764 illius
787 1698 868 1764 deae
883 1709 916 1764 et
931 1704 1108 1788 Agamem·

84 1789 187 1852 nonis
211 1785 308 1852 filiae.
351 1787 435 1851 Eius
459 1794 567 1850 autem
591 1783 690 1868 deae,
721 1807 806 1868 quae
826 1783 981 1871 deinceps
1000 1789 1109 1870 Ἀρτι-

85 1899 148 1952 μις
166 1872 344 1961 Ἰφιγένεια
376 1882 434 1937 aut
452 1868 603 1953 ’Ἄρτεμις
638 1869 785 1954 Ταυρική
814 1869 980 1956 appellata
1008 1883 1107 1954 esset,

85 1958 198 2022 cultus
225 1957 368 2045 vestigia
389 1955 550 2022 mansisse
572 1955 753 2039 antiquitus
775 1955 946 2022 Braurona
967 1955 1001 2021 in
1024 1958 1109 2046 regi·

86 2065 153 2108 one
174 2044 302 2124 Attica,
325 2041 365 2108 de
389 2065 455 2127 quo
478 2041 551 2108 loco
574 2049 692 2106 testem
714 2041 840 2106 faciunt
857 2041 1108 2108 Pausaniam

87 2126 146 2192 lib.
169 2127 197 2193 Ι.
219 2151 248 2194 ο.
273 2130 324 2194 23.
348 2131 377 2210 ξ.
403 2131 431 2192 t.
456 2127 496 2192 el.
521 2125 599 2191 ibid.
625 2149 652 2192 ο.
677 2127 727 2191 33.
752 2129 781 2209 ξ.
808 2133 834 2193 1.
859 2137 892 2190 et
913 2125 1020 2209 Halia,
1044 2151 1109 2214 qua

88 2213 130 2276 de
154 2235 190 2278 re
211 2211 365 2278 adferunt
392 2213 495 2284 huius
511 2211 640 2278 fabulae
663 2237 693 2275 v.
721 2213 812 2276 1420.
858 2209 968 2294 Quum
999 2224 1108 2280 autern

88 2300 188 2363 etiam
210 2309 288 2386 post
314 2297 570 2366 immolationem
599 2297 686 2362 filiae
710 2295 832 2364 Aulide
858 2321 877 2362 a
899 2309 992 2384 patre
1014 2301 1108 2366 insti·

88 2393 180 2448 tutae
202 2383 387 2472 ‘Iphigenia
414 2385 526 2449 vivere
555 2381 801 2532 perhiberetur,
831 2383 909 2482 quia
930 2386 1107 2470 Agamem·

89 2471 186 2535 nonis
209 2469 278 2548 filia
301 2493 374 2534 cnm
402 2469 511 2554 prisca
532 2469 587 2532 ila
610 2467 671 2534 dea
695 2468 869 2555 Iphigenia
896 2471 1035 2536 confusa
1058 2493 1108 2538 es-

89 2567 158 2638 set,
182 2578 249 2619 non
272 2577 417 2648 caesam,
439 2553 497 2620 sed
520 2553 650 2640 inipso
673 2553 784 2620 caedis
810 2553 922 2620 officio
943 2565 1108 2622 servatam

89 2663 163 2706 esse
185 2639 342 2706 dixerunt
359 2639 568 2727 Iphigeniam
582 2642 842 2727 Agamemnonis
862 2640 964 2706 filiam
988 2643 1029 2706 ab
1051 2643 1108 2706 ilia

15 2785 17 2812 ,
90 2725 223 2810 quidem
245 2725 320 2808 dea,
344 2727 397 2791 eni
421 2736 612 2792 consecrata
636 2736 734 2809 esset,
759 2737 794 2790 et
818 2749 918 2812 quum
936 2727 1048 2801 filiaA
1074 2749 1108 2792 a·

15 2815 16 2824 ’
93 2813 275 2878 memnonis
298 2811 360 2877 dea
384 2835 456 2878 esse
471 2814 544 2899 ipsa
579 2833 653 2878 osse
675 2834 742 2876 non
758 2811 937 2892 videretur,
952 2751 1107 2879 sacerdo-

89 2908 155 2960 tem
174 2897 306 2962 Dianae
322 2899 443 2963 factam
466 2920 539 2964 esse
555 2837 709 2962 homines
733 2897 832 2984 volgo
856 2897 1053 2981 credidisse,
1076 2911 1108 2963 et

90 2981 180 3065 quod
217 2983 327 3069 prisca
355 2983 413 3048 iila
440 2982 503 3047 dea
531 2983 705 3070 Iphigenia
739 2985 936 3070 cognomine
969 2987 1107 3070 ταορικὴ

90 3069 273 3150 diceretur,
305 3067 400 3134 dllam
436 3070 542 3156 ipsam
574 3069 834 3155 Agamemnonis
870 3069 985 3150 filiam,
1022 3092 1106 3155 qnae

89 3163 225 3239 propter
255 3153 502 3220 similitudinem
531 3155 672 3222 nominis
701 3177 774 3220 cnm
803 3154 906 3220 altera
934 3155 1108 3248 Iphigenia

90 3249 178 3304 esset
213 3248 430 3320 commutata,
459 3241 493 3304 in
523 3241 686 3306 Tauricos
712 3239 795 3304 fines
830 3239 1009 3324 putavisse.
1036 3261 1111 3304 esse

90 3324 294 3407 translatam,
317 3325 448 3412 signum
470 3333 579 3392 autern
603 3325 730 3390 Dianae
752 3323 841 3390 illius
863 3324 1023 3389 Tauricae
1048 3346 1107 3411 po·

91 3419 162 3475 stea
185 3410 226 3474 ab
250 3406 371 3476 Oreste
400 3420 432 3476 et
453 3409 630 3512 Iphigenia
650 3411 873 3489 Brauronem,
905 3431 970 3492 qua
1000 3408 1042 3474 de
1072 3433 1107 3474 re

90 3495 212 3562 multus
234 3495 535 3563 estPauaanras
560 3498 616 3563 lib.
640 3495 707 3560 ΙΙΙ.
730 3518 757 3561 ο.
776 3497 824 3560 16.
848 3498 878 3576 ξ.
902 3496 942 3577 7.,
967 3495 1018 3560 vel
1037 3497 1107 3563 Ha·

90 3581 139 3646 las
162 3581 401 3648 existimavisse
421 3581 560 3648 relatum
585 3605 668 3666 esse,
691 3604 757 3647 non
783 3601 849 3666 qno
871 3579 953 3646 iliud
968 3581 1036 3646 fere
1058 3582 1107 3647 fa-

91 3675 180 3732 ctum
205 3676 303 3748 esset,
320 3666 378 3732 sed
403 3667 553 3752 quodibi
572 3669 712 3755 vestigia
734 3668 843 3732 cultus
868 3667 996 3750 priscae
1018 3668 1106 3733 illius

91 3751 171 3816 deae
194 3754 438 3820 remansissent.
478 3753 576 3820 Hanc
599 3765 706 3820 autem
730 3752 928 3839 opinionem,
950 3775 1016 3836 qua
1036 3755 1092 3819 vol

92 3859 136 3924 gn
155 3836 315 3905 creditum
337 3848 434 3921 esset,
448 3837 655 3926 Iphigeniam
670 3839 704 3904 in
720 3839 879 3904 Tauricos
901 3838 984 3905 fines
998 3849 1106 3905 trans·⁴

89 3923 200 4004 latam,
223 3923 362 3990 relatum
385 3935 496 3990 antem
519 3927 560 3990 ab
583 3925 639 3990 illa
662 3935 695 3989 et
719 3922 841 3992 Oreste
866 3923 1004 3988 Dianae„
1018 3925 1105 3988 Tau·

90 4008 177 4074 ricae
207 4008 338 4096 signum
369 4019 403 4074 et
430 4009 554 4076 cultum
582 4011 617 4076 in
643 4009 838 4092 Graeciam,
870 4031 908 4074 ec
941 4008 1106 4076 lubentius

15 4173 16 4178 ρ
91 4093 240 4161 Graecos
259 4095 442 4180 posteriore
463 4103 611 4183 tempore
635 4117 708 4161 esse
731 4096 915 4182 amplexos,
945 4093 1024 4176 quia
1043 4089 1107 4156 han

90 4179 217 4246 ratione
251 4180 437 4250 immanitas
466 4181 523 4246 illa
545 4191 577 4248 et
607 4179 786 4248 crudelitas
814 4180 1027 4247 humanarum
1058 4179 1107 4242 vi·
