2730 4774
422 343 729 414 PROOEMIUM.
1054 352 1091 414 15

62 518 265 605 archetypo,
296 514 384 581 unda
407 539 518 585 omnes
540 517 722 582 fabularum
752 515 1004 603 Euripidearum
1035 541 1089 584 co·

62 601 158 668 dices
180 602 367 668 manavisse
389 601 561 686 videntur,
585 603 686 668 fuisse
709 602 780 668 iure
808 611 1019 685 statuamus‚·
1039 614 1088 668 at-

61 711 128 770 que
152 688 356 770 etiamtum,
381 688 555 772 siprimae
586 687 702 752 classis
738 685 870 754 codices
901 709 975 752 cum
1005 685 1088 754 Cod.

62 776 94 840 G.
119 773 349 855 consentiunt,
370 772 540 858 probabile
570 793 643 836 ease
672 771 825 836 videatur
855 771 907 853 id,
936 772 1028 857 quod
1054 775 1089 838 in

61 858 130 922 illis
155 853 247 922 libris
270 857 507 942 scriptumest,
524 858 558 921 in
572 854 656 922 Cod.
671 855 853 946 archetypo
868 857 916 922 sie
928 857 1087 942 scriptum
1140 895 1144 900 ·

62 945 185 1008 titisse
227 943 314 1008 Nam
345 943 480 1008 alterius
509 942 626 1007 elassis
657 941 789 1007 codices
819 942 929 1008 multis
957 943 1038 1008 locis
1069 967 1088 1007 a

60 1028 237 1115 Byzantiis
252 1028 473 1114 grammaticis
487 1028 628 1094 correcti
640 1036 674 1092 et
688 1027 805 1092 mutati
828 1049 901 1094 esse
924 1027 1085 1094 videntur⁴

151 1136 363 1203 Editionibus
392 1137 530 1222 quidem·
546 1136 751 1223 principibus
774 1159 839 1202 non
868 1137 1005 1203 multum
1028 1149 1087 1204 ant

60 1221 146 1286 nihil
180 1223 545 1288 omnino'tribuendum
570 1244 640 1287 esse
660 1223 728 1288 iam,
748 1221 969 1308 significatum
994 1233 1087 1289 esta

60 1307 161 1372 nobis
192 1308 227 1372 in
257 1308 424 1394 prooemio
455 1307 582 1373 Alcest.
612 1331 643 1392 p.
667 1312 742 1390 21.,
773 1308 942 1390 aliquanto
970 1309 1085 1394 pluse

60 1392 200 1458 scholiis
221 1401 255 1457 et
288 1411 339 1457 ex·
358 1401 541 1458 ceterorum
570 1393 767 1478 scriptorum
796 1401 830 1457 et
857 1393 1084 1478 grammatico-

60 1502 132 1542 rum
165 1477 380 1544 citationibus
413 1477 618 1564 singulorum
648 1476 744 1542 huius
772 1477 902 1543 fabulae
932 1501 1085 1544 versuum

60 1564 264 1647 proficimus.
330 1563 455 1630 Omnes
495 1563 640 1628 omnium
683 1561 853 1649 Euripidis
900 1563 1084 1629 fabularum

60 1648 225 1714 editiones
249 1647 313 1714 hoc
339 1648 414 1714 loco
437 1671 628 1714 enumerare
651 1670 734 1734 opus
757 1670 920 1714 essenon
941 1647 1082 1714 videtur.

61 1734 113 1797 Ex
145 1758 184 1800 eo
216 1744 325 1800 autem
353 1757 509 1814 numero,
542 1735 599 1818 qui
627 1735 804 1820 separatim
833 1732 918 1798 banc
940 1734 1084 1800 fabulam

16 1831 17 1892 i
62 1819 257 1902 ediderunt,
288 1829 418 1903 praeter
447 1818 675 1884 Ricardum
706 1819 958 1902 Personum,
988 1820 1083 1884 cuius

16 1949 17 1978 3
62 1904 266 1970 recensionis
298 1905 429 1969 tertiam
457 1903 636 1970 editionem
675 1905 709 1968 in
745 1901 925 1969 Germania
978 1905 1084 1970 aravit

64 1987 107 2054 G.
145 1991 190 2055 H.
227 1987 484 2055 Schaeferus
514 1989 652 2140 Lipsiae
695 2011 724 2053 a.
768 1985 934 2054 MDCCC
971 1989 1082 2071 XIV„

16 2083 17 2142 f
65 2097 164 2138 unum
194 2075 326 2140 nomino
356 2070 548 2141 Godosre
586 2099 649 2140 um
686 2073 987 2156 Hermannum‚
1026 2075 1081 2160 qui

67 2160 147 2226 hano
168 2159 313 2225 fabulam
334 2161 500 2226 recensuit
520 2159 656 2246 Lipsiae
679 2183 708 2225 a.
731 2157 959 2225 MDCCCLI.

148 2275 435 2397 Scripsi'Lipsiae
459 2296 512 2361 die
536 2293 601 2361 111.
625 2317 726 2360 mens.
749 2294 894 2360 Novem·

301 2381 380 2446 bris
393 2405 423 2448 a.
446 2379 748 2447 MDOOCLVHI.

645 2601 871 2763 Reintctdus
902 2665 1021 2758 tttctr.
