2806 4782
632 344 948 412 ΕΥΡΙΠΙΔΟΥ

386 514 650 597 συνερεισθέντες
673 519 830 599 χωροίσι.
857 523 934 582 νέον

386 612 593 702 πρόσφαγμα
620 618 727 692 θεᾶς·
755 618 879 697 σιγᾶτε,
906 617 1012 704 φίλαι.

388 714 430 779 τά
459 713 524 801 γὰρ
546 711 713 794 Ἑλλήνων
738 716 927 800 ἀκροθίνια
954 715 994 795 δὴ

286 812 358 889 460
386 828 498 882 ναοῖσι
526 820 625 893 πέλας
651 815 729 884 acide
754 821 878 902 βαίνει·

384 915 457 985 οὐδ’
488 915 643 1000 ἀγγελίας
667 921 801 1008 ψευδεῖς
826 925 941 986 ἔλακεν

382 1016 575 1106 βουφορβὸς
601 1017 702 1104 ἀνήρ.

382 1109 406 1184 ὦ
435 1117 553 1195 πότνι’,
580 1119 610 1185 εί
634 1144 687 1186 σοι
715 1118 791 1188 ταδ’
821 1119 1029 1206 ἀρεσκόντως

383 1220 477 1296 πόλις
502 1217 560 1298 ἥδε
588 1225 679 1298 τελεῖ,
706 1222 793 1302 δέξαι
820 1228 956 1301 θυσίας,
1039 1276 1043 1284 ,

283 1316 355 1393 465
382 1317 423 1397 ἃς
453 1318 471 1388 ὁ
500 1319 573 1407 παρ’
605 1319 685 1402 ἡμῖν
710 1324 813 1406 νόμος
839 1322 901 1410 οὐχ
928 1322 1022 1402 ὁσίας
1236 1335 1301 1400 450

373 1419 509 1503 Ἕλλησι
533 1423 646 1502 διδοὺς
671 1423 865 1515 ἀναφαίνει.

351 1654 385 1703 V·
402 1653 463 1708 443.
499 1656 553 1726 θεᾷ
571 1659 721 1724 Tonpius
739 1659 853 1724 append.
871 1658 912 1710 sd.
931 1657 1046 1710 Theocr.
1066 1676 1093 1724 p.
1105 1656 1148 1712 30.
1168 1659 1238 1708 Vide
1256 1660 1297 1708 in·

281 1723 323 1774 irs
340 1725 401 1773 sdu.
421 1735 523 1792 exeget.

351 1795 382 1844 V.
401 1793 462 1848 445.
498 1802 585 1846 ναοῖσι
605 1799 675 1850 libri.
693 1793 722 1846 ίν
740 1801 828 1845 ναοῖσι
844 1796 1008 1860 Musurns.

351 1863 378 1914 V.
400 1864 460 1918 446.
497 1867 586 1918 ἔλαιον
610 1868 677 1919 Cod.
704 1865 732 1919 G.
756 1866 830 1916 llam
853 1865 920 1916 eod.
945 1866 976 1916 B.
1003 1864 1064 1919 ldae
1087 1866 1208 1928 Aldus,
1238 1868 1298 1918 sine

279 1936 446 1986 auctoritate.

347 2005 381 2054 V.
397 2005 458 2059 448.
495 2001 672 2070 ἆοεσκόνιοοε
690 2003 757 2057 Ood.
775 2002 808 2053 B.
828 2018 845 2053 ιι
863 2019 902 2068 pr.
921 2019 954 2053 m.

347 2075 382 2123 V·
403 2075 464 2129 451.
498 2091 548 2140 pro
576 2071 668 2127 dadonis
694 2073 928 2124 Kirclrhcllius
963 2070 1054 2124 totale
1081 2074 1217 2139 proponit.
1256 2075 1296 2124 At

279 2144 340 2194 vide
357 2145 449 2195 adnot.
468 2151 572 2210 exeget.

299 2313 413 2370 ,v.442
435 2331 473 2380 sq.
510 2313 584 2365 νίον
613 2310 756 2379 πρόσφα-
808 2321 854 2363 ant
872 2313 958 2364 dicam
977 2315 1062 2377 megia
1081 2314 1190 2364 Latine:
1210 2328 1294 2379 quss

277 2385 758 2449 ynalEtaideincepsnumeroplu·
808 2384 906 2433 huius
932 2391 1041 2434 terrae
1068 2399 1148 2447 mos,
1176 2391 1211 2434 ut
1236 2400 1293 2435 res
1390 2427 1391 2448 p

276 2453 327 2502 rali
347 2453 443 2503 dicitnr
468 2452 497 2503 sd
516 2451 565 2519 γὰρ
582 2449 709 2519 Ἑλλήνων
728 2448 756 2502 cl·
807 2454 1082 2516 ipssdocetnon
1103 2453 1292 2518 pissGrae-
1390 2481 1391 2486 =

277 2521 400 2584 ιιςοθίνια
423 2522 482 2582 καί,
505 2531 592 2574 tamen
611 2525 757 2574 rectissime
807 2524 853 2572 cis
873 2523 986 2572 olfert.

275 2590 319 2640 hio
358 2594 487 2654 singulari
520 2609 630 2644 numero
664 2595 756 2655 utitur,
843 2591 870 2640 V.
892 2593 945 2644 452
962 2607 1021 2656 sqq.
1044 2593 1097 2642 ism
1121 2591 1219 2642 Graeci
1243 2593 1290 2643 ad·

275 2661 337 2724 quis
349 2677 507 2726 quamquam
527 2665 616 2727 plnres
633 2664 756 2713 victimae
805 2661 1072 2712 ducuntursacrificio
1079 2663 1213 2723 destinati,
1223 2675 1290 2726 qno-

195 2777 197 2782 .
275 2737 349 2793 sunt,
374 2739 461 2781 tamen
486 2748 566 2782 nuum
597 2733 756 2783 sucrificium
805 2746 863 2779 rum
886 2739 1029 2794 conspectu
1052 2734 1155 2782 animus
1179 2732 1289 2796 Iphige-

274 2807 327 2862 est,
347 2816 400 2864 quo
411 2803 495 2861 ambo
514 2803 669 2855 caeduntur.
805 2800 865 2850 niae
891 2803 1075 2853 misericordia
1103 2803 1141 2851 ita
1171 2817 1289 2852 ‹commc-

309 2871 341 2919 V.
360 2870 420 2924 445.
457 2868 531 2921 ιοίδε
561 2871 692 2934 βαίνει]
712 2871 755 2922 De
804 2877 889 2933 vetur,
909 2871 1288 2937 utnndeveneriutquaerat.

272 2942 428 3006 pronomine
442 2942 651 2992 demonstrativo
666 2943 754 3006 aptius
805 2939 888 3003 Hinc,
915 2957 1072 3006 quamquam
1097 2942 1211 3006 primum
1235 2943 1288 2992 hoc

272 3025 331 3060 oum
349 3012 429 3062 verbo
448 3027 498 3062 sno
517 3013 701 3074 coniungendo
715 3014 754 3060 vi·
804 3010 933 3062 detrectat
967 3009 1089 3074 Orestes,
1124 3011 1288 3076 colloquium

271 3079 304 3130 de
326 3096 394 3145 quae
416 3097 499 3146 nuper
525 3083 580 3132 dixi
606 3083 641 3132 sd
667 3081 754 3134 Orest.
803 3080 872 3129 inter
906 3081 1072 3146 Iphigeniam
1105 3089 1132 3132 et
1164 3079 1288 3132 Orestem

270 3148 315 3202 34.
336 3167 362 3214 p.
383 3151 417 3204 34
435 3167 475 3216 sq.
494 3153 535 3202 ed.
556 3150 636 3201 Goth.
803 3152 938 3213 nascitur,
962 3153 1000 3199 ita
1016 3160 1103 3201 tamen
1127 3157 1157 3199 ut
1176 3149 1286 3202 Orestes

305 3217 399 3276 vols.
418 3237 457 3286 sq.
475 3222 508 3270 εἴ
522 3237 574 3270 σοι
595 3215 659 3271 an'd’
679 3215 751 3284 olpe-
802 3221 868 3270 nihil
888 3222 961 3270 aliud
980 3221 1013 3269 de
1026 3221 1286 3271 soconfiteaturnisi

270 3286 419 3342 oso'vsmt
441 3289 508 3356 ura]
527 3292 589 3342 Iure
608 3293 751 3355 Euripides
802 3304 830 3339 so
849 3305 906 3340 esss
924 3292 1073 3352 Argivum,
1091 3292 1123 3340 de
1142 3292 1177 3340 iis
1195 3303 1285 3340 antem

269 3361 404 3412 mulierem
416 3359 544 3414 Graecam
564 3363 602 3412 its
619 3364 750 3414 dicentem
800 3360 893 3422 rebus,
921 3375 987 3424 quae
1014 3368 1073 3426 post
1097 3360 1284 3411 bellum.Tro·
1388 3421 1389 3426 Ἰ

269 3429 347 3491 facit,
373 3439 403 3480 nt
421 3433 575 3482 subdubitet
593 3448 655 3482 num
674 3439 751 3496 grets
799 3431 889 3480 lanum
915 3446 931 3480 a
956 3429 1065 3481 Graecis
1097 3437 1188 3494 gestae
1220 3433 1284 3494 sint,

268 3498 333 3547 haec
364 3501 494 3551 sacrificia
520 3501 637 3563 Dianae,
671 3519 750 3566 quam
799 3499 956 3564 Iphigeniae
983 3502 1161 3563 interroganti
1190 3508 1285 3564 operte

267 3568 366 3616 usitata
389 3571 500 3619 deorum
522 3571 702 3634 appellatione
728 3564 750 3622 ὦ
800 3570 953 3633 singillatim
971 3570 1140 3634 respondeat.
1174 3570 1218 3618 Its
1236 3573 1284 3620 de·

268 3632 360 3685 ιιόινια
393 3640 530 3701 designat,
563 3641 653 3690 futura
686 3643 749 3704 sint,
798 3641 881 3702 nique
904 3641 983 3689 etiam
1008 3641 1058 3689 hoc
1081 3641 1190 3690 rescivit
1208 3639 1283 3703 Iphi·

267 3719 374 3769 unaque
407 3707 538 3770 significet
570 3711 652 3774 impia
682 3712 748 3760 haec
798 3710 890 3773 genis,
918 3709 1038 3759 Orestem
1060 3710 1169 3759 fratrem
1193 3710 1282 3760 adhuc
1388 3717 1389 3724 ’

266 3773 376 3825 Graecis
394 3777 487 3825 videri.
797 3779 896 3828 vivere.
916 3778 965 3828 His
975 3781 1053 3829 rebus
1067 3779 1282 3843 commotalphi-

303 3843 403 3898 v.l51.
423 3842 541 3894 διδούε
558 3839 745 3910 ἀναφαίνει]
798 3849 877 3911 genia
902 3850 1040 3899 consilium
1060 3851 1130 3914 capit
1152 3849 1282 3912 Pyladem

264 3913 327 3965 Non
337 3916 491 3978 simpliciter
501 3921 541 3965 est
552 3916 707 3978 praebet,
718 3923 747 3963 nt
797 3919 901 3981 quidem
919 3919 1022 3968 Dianae
1040 3920 1218 3981 immolandi,'
1233 3933 1281 3968 ve-

265 3986 350 4036 visnm
369 3993 426 4036 erat
444 3983 613 4047 Seidlero‚
631 3986 678 4036 sed
697 3992 746 4050 est,
796 4002 854 4036 rum
874 3989 1004 4052 Argivum
1025 3987 1179 4053 (Orestem),
1203 3989 1281 4040 cuius

263 4056 298 4106 ad
318 4056 426 4106 verbnm
445 4058 468 4105 si
491 4054 639 4106 reddimus:
663 4058 747 4105 acci·
795 4072 891 4108 nomen
913 4061 1010 4121 nescit,
1033 4061 1063 4110 in
1086 4061 1200 4123 patriam
1218 4060 1282 4108 mit-

263 4140 302 4188 pe
320 4128 491 4189 victimas,
515 4140 593 4190 ques
617 4139 680 4174 non
700 4127 745 4190 pi·
795 4129 869 4177 tendi
893 4143 952 4178 cum
975 4129 1140 4193 epistolasd
1157 4127 1281 4180 Orestem

262 4210 297 4246 as
332 4195 475 4251 Graecis
500 4195 599 4246 huius
634 4201 745 4246 terrae
794 4196 903 4248 fratrem
922 4199 1087 4262 perferenda.
1107 4197 1216 4248 Orestes
1233 4200 1281 4250 de·

263 4279 327 4315 mos
360 4281 394 4317 se
421 4267 550 4318 cllerre
583 4267 744 4328 ostendit,
793 4276 917 4330 precatur
935 4269 987 4320 hoo
1004 4269 1152 4333 suadetque
1178 4275 1206 4317 ut
1226 4267 1281 4332 Py·
