2742 4772
279 291 320 392 ae
617 329 939 402 νννιινιιον

555 495 981 564 .ΑΓΑαννναα

381 595 492 688 αόνερ
517 601 552 664 δὲ
579 596 688 682 αόρσν
715 597 852 684 σχισνόν
878 597 1026 684 ἀμείβων
1090 669 1093 674 ,

285 700 354 776 145
381 701 496 768 λεῦσσε
521 697 712 789 φυλάσσων,
738 697 784 792 μή
815 705 862 777 τίς
888 723 924 766 σε
949 699 1046 788 λαίλμ
1195 781 1206 789 -

382 801 595 888 τροχαλοῖσιν
622 797 714 886 ὄχοις
742 809 1027 894 παραμειψαμένη
1100 806 1107 824 “
1258 793 1317 854 145
1351 759 1355 902 l

383 904 489 969 παῖδα
517 900 685 987 κσμίζονσ’
715 900 843 970 ἐνθάδ’
877 899 995 983 ἀπήνη

383 1003 525 1070 Δαναῶν
552 1001 638 1089 πρός
665 1005 757 1080 ναῦς.

598 1103 975 1169 ΙΙΡΕΣΒΥΤΗΣ.
1294 1113 1302 1119 ”
1350 1023 1356 1266 1

379 1205 483 1272 ἔσται.

596 1307 628 1370 Α
639 1307 671 1370 Γ
678 1305 712 1370 A
723 1307 762 1372 Μ
773 1307 801 1369 E
809 1307 848 1370 Μ
857 1305 890 1370 Ν
897 1302 931 1370 Ω
942 1305 984 1369 Ν.
1055 1355 1063 1363 .

585 1403 744 1497 κλῄθρων
771 1404 801 1472 δ’
835 1403 970 1492 λξόρμα.

349 1640 383 1694 V.
404 1637 463 1694 144.
499 1637 533 1702 μή
552 1641 589 1688 εἰσ
608 1655 637 1689 σε
655 1639 884 1691 Marklandua.
904 1634 938 1702 μή
958 1637 983 1687 α’
999 1651 1028 1687 σε
1046 1637 1116 1690 libri.

351 1711 383 1767 V.
404 1708 464 1764 147.
501 1706 571 1760 νἀὠε
592 1708 658 1761 God.
679 1711 720 1772 λλ,
738 1710 836 1760 nodab
856 1724 908 1774 aee,
928 1721 962 1758 m.
980 1707 1060 1756 ναόν.
1103 1711 1106 1724 ’

349 1779 383 1829 V.
401 1778 462 1834 148.
498 1777 568 1828 ἔσεαι
589 1778 656 1830 Ood.
677 1779 709 1830 B.
729 1779 798 1828 λσιαι
817 1775 877 1828 πόλιν
896 1776 964 1827 Ood.
984 1777 1013 1827 C.
1051 1776 1176 1827 Ceterum
1195 1782 1316 1828 auctore·

282 1847 316 1898 G.
335 1849 522 1902 Hermanno
551 1849 621 1899 buno
652 1865 757 1900 versum
781 1856 843 1914 pont
871 1865 897 1898 v.
921 1845 982 1900 151.
1006 1847 1096 1910 posuit
1121 1845 1310 1897 Nauokiue.

281 1917 353 1970 Vide
370 1921 433 1972 adn.
452 1923 554 1982 exeget.
988 1944 995 1954 ι

351 1990 384 2038 V.
404 1987 465 2042 149.
502 1983 535 2053 ἢν
554 1985 604 2052 γὰρ
624 1983 673 2038 σόν
693 1987 861 2036 Klotaiua.
882 1982 915 2052 ἤν
936 1983 986 2051 γάρ
1004 2003 1046 2036 νιν
1063 1985 1132 2036 libri.
1171 1985 1242 2035 Mox
1261 1981 1311 2036 olv-

282 2055 362 2122 ιήσῃε
380 2057 446 2109 Cod.
467 2056 499 2108 Β.
517 2072 534 2107 a
552 2071 591 2119 pr.
611 2072 645 2109 m.
664 2054 734 2106 Ood.
754 2056 784 2106 C.
807 2051 920 2120 όνιῆσαε
938 2055 1006 2107 Cod.
1026 2053 1059 2105 Β.
1077 2071 1093 2105 e
1111 2067 1163 2105 see.
1184 2071 1220 2104 m.

351 2129 383 2177 V.
405 2127 463 2182 150.
506 2123 616 2192 ἐξόρμα,
648 2131 700 2176 σεῖε
729 2123 851 2189 palinodo
873 2125 1123 2176 Blomfieldiua.
1155 2122 1311 2188 ἑξαρμόσησ

701 2223 713 2254 0

282 2298 380 2348 dicitur
397 2299 425 2348 in
443 2297 533 2362 Iphig.
555 2298 638 2350 Taur.
658 2297 718 2353 672.
739 2304 765 2348 et
815 2297 888 2362 quod
917 2295 1105 2358 incohaverat,
1135 2296 1188 2344 iam
1211 2309 1306 2360 perse·

282 2367 310 2414 in
328 2367 407 2416 Hero.
426 2366 478 2416 fur.
499 2367 576 2420 1184.
816 2368 906 2432 quitur
931 2367 1019 2416 verbis
1044 2366 1097 2416 bia:
1123 2359 1252 2427 κλῄθρων
1278 2357 1307 2412 δ’
1359 2366 1360 2402 l

318 2434 350 2483 V.
361 2433 419 2486 143.
436 2431 541 2500 κόραν
559 2433 702 2501 σχισεόν]
716 2436 765 2488 Est
816 2431 921 2499 ἐξόρμα.
937 2429 969 2499 ἢν
982 2431 1031 2500 γὰρ
1045 2431 1093 2484 aad.
1106 2433 1129 2483 E
1142 2433 1306 2484 claustris

283 2499 368 2566 πόρον
392 2501 766 2569 σχισιόείᾱααιῳεοάὁδὸε
817 2520 895 2554 vero
922 2505 1158 2568 proficiscere.
1198 2501 1305 2564 Quum

284 2569 765 2638 optorbsophooliinOediporege
817 2577 902 2625 enim
924 2576 1055 2638 pompis
1079 2573 1212 2623 obviarn
1235 2573 1305 2622 fue·

283 2641 765 2707 v·733·etEuripidiinPhoen.
817 2647 879 2706 rie,
905 2650 1165 2694 retroversus
1201 2657 1304 2704 move,

282 2708 326 2762 38.
362 2710 395 2760 In
416 2710 496 2761 biviis
515 2714 585 2764 enim
604 2714 719 2762 maximo
737 2728 767 2762 o·
818 2710 1304 2778 oonoutalora,adCyolopum

281 2795 346 2844 pere
368 2781 515 2832 cavendnm
534 2789 592 2832 erat
614 2797 706 2844 servo,
733 2797 767 2832 ne
818 2798 896 2834 arae
921 2783 1098 2832 dimittens
1117 2783 1234 2844 (equos).
1254 2783 1304 2832 Hie

281 2849 366 2901 rheda
383 2857 566 2914 praetervecta
578 2867 637 2902 eum
652 2852 766 2916 fugeret.
818 2853 908 2904 verbis
923 2853 1090 2918 Agamemno
1109 2851 1237 2901 mandata
1256 2865 1306 2901 sna

282 2917 345 2969 Non
369 2926 458 2970 autem
481 2921 540 2972 nine
564 2922 665 2973 idonea
687 2919 768 2972 eausa
818 2922 981 2973 absolverat.
1018 2921 1131 2970 Dubitat
1153 2927 1243 2971 tamen
1264 2936 1304 2970 ae·

282 2990 336 3041 diei
363 2990 479 3040 videtur:
507 2984 650 3055 όμελβων
675 2993 768 3042 λεῦσσε
819 3007 872 3041 nex
890 3007 952 3042 num
966 2989 1044 3040 fidem
1057 2991 1107 3038 sibi
1127 2990 1244 3040 feminae
1257 2991 1304 3040 ba·

282 3055 437 3123 φυλάσσων,
460 3057 496 3125 μή
515 3065 551 3110 εἰν
570 3076 599 3110 σα
617 3058 687 3124 λάθῃ
706 3077 765 3124 zpo-
819 3063 923 3110 bitume
949 3062 1003 3110 sint
1028 3073 1112 3124 eoque
1139 3061 1304 3124 colloquium

281 3125 484 3194 χαλαῖσινόχαιν
502 3129 765 3196 παραμειψαμένη
815 3132 950 3196 paulisper
974 3131 1153 3179 continuatur.
1198 3130 1259 3180 Eoo
1283 3130 1305 3178 ni

281 3224 316 3236 -
335 3194 421 3265 όαήνη
446 3197 495 3249 κτλ.
519 3215 581 3253 nam
603 3195 721 3263 ἀμείβειν
739 3209 767 3250 et
815 3202 876 3265 quis
894 3201 1068 3262 reputaverit,
1086 3205 1115 3248 ut
1133 3214 1206 3249 nuno
1223 3213 1304 3263 expo·

282 3269 451 3334 παραμελβειν
461 3270 531 3320 inter
544 3285 576 3330 sev
586 3276 765 3334 opponuntur.
815 3271 926 3330 suimus,
945 3268 1024 3318 oredo
1040 3269 1073 3318 de
1091 3269 1236 3318 verborum
1250 3271 1304 3318 eol·

282 3335 365 3395 Quasi
374 3340 471 3392 Latine
485 3340 571 3390 dieas:
589 3339 676 3404 Lege
694 3355 765 3390 oeu-
814 3339 950 3390 locatione
968 3353 1009 3402 ea,
1024 3352 1091 3402 qnae
1102 3353 1173 3388 nune
1186 3339 1215 3387 in
1229 3339 1304 3388 libris

281 3405 326 3456 lia
345 3409 439 3472 viam,
458 3424 497 3458 ne
514 3409 721 3473 neglegatur
740 3415 766 3459 et
815 3415 864 3472 eet,
884 3405 1067 3458 dubitaturum
1083 3423 1142 3457 enee
1160 3410 1305 3458 neminem.

282 3483 425 3536 quaenunt
437 3479 588 3528 eiusmodi.
602 3477 682 3531 Geni.
697 3493 765 3542 qnae
851 3477 884 3527 V.
904 3475 964 3530 149.
1003 3470 1118 3541 ἢνγὰρ
1143 3474 1203 3526 σὺν
1231 3494 1303 3538 πομ-

280 3543 360 3593 modo
378 3545 436 3594 dixi
453 3547 488 3596 ad
507 3562 532 3594 v.
551 3547 586 3600 99
605 3563 645 3612 aq.
816 3551 892 3596 καλε
921 3539 1083 3611 α’νιήσρε]
1108 3549 1125 3596 i:
1146 3561 1168 3598 e.
1196 3540 1230 3611 ἢν
1255 3544 1304 3614 γὰρ

316 3611 350 3661 V.
368 3609 429 3666 148.
467 3611 614 3668 ΠΡΕΣΒ.
644 3615 763 3668 ἔσται.
816 3620 931 3676 καμπαῖς
950 3612 1122 3680 συνανιήσῃε.
1151 3615 1304 3668 Tmeseae·

282 3677 374 3730 ΑΓΔ.
398 3678 549 3745 κλῄθρων
567 3678 595 3732 δ’
621 3681 762 3752 ἐξόρμα]
815 3687 869 3736 nim
889 3685 1090 3735 huiuscemodi
1108 3685 1197 3750 poetis
1220 3689 1305 3750 tragi-

282 3747 585 3814 SenexAgamemnoni,
595 3754 642 3816 qui
654 3757 679 3803 ei
689 3769 765 3819 prae·
816 3756 854 3806 eis
867 3755 983 3806 usitatae
995 3755 1138 3804 admodum
1149 3761 1220 3804 eunt.
1233 3756 1304 3809 eonf.

282 3826 404 3886 ceperat,
426 3826 455 3870 ut
473 3821 501 3869 in
520 3822 576 3884 via,
600 3824 715 3874 maxime
736 3825 764 3874 in
815 3841 841 3874 v.
861 3822 922 3876 263.
956 3825 1136 3874 Accusativna
1154 3833 1245 3874 autem
1264 3843 1306 3874 νιν

281 3891 373 3954 biviis,
391 3889 561 3941 aooedentem
578 3889 688 3940 rhedam
706 3908 764 3942 oum
816 3909 869 3958 quo
888 3891 1020 3944 reseratur
1037 3909 1092 3944 non
1110 3893 1190 3944 babet
1204 3901 1232 3944 et
1246 3896 1304 3946 lan-

280 3961 337 4012 iilia
364 3975 398 4012 ne
428 3960 594 4025 neglegeret,
621 3963 766 4024 respondet
816 3970 879 4027 guet
898 3962 970 4028 quod
990 3971 1030 4014 eat
1048 3965 1105 4014 eiua
1123 3963 1184 4014 loeo
1201 3980 1303 4030 propo·

281 4045 310 4081 ae
328 4031 356 4080 id
373 4025 467 4081 sedulo
493 4034 615 4080 aetorum
639 4044 712 4094 esee,
735 4032 765 4082 id
816 4035 897 4082 situm
915 4031 974 4082 νόν.

281 4100 355 4163 quod
373 4101 455 4151 verbo
469 4098 540 4149 ἔσται
556 4099 700 4163 indicatur,
714 4095 764 4151 bao
849 4102 883 4155 V.
903 4100 963 4155 150.
993 4105 1057 4151 σεῖε
1075 4097 1230 4164 palinodo
1249 4099 1304 4151 ἐκλ

280 4183 347 4218 voce
370 4171 486 4233 quodam
504 4171 585 4222 modo
608 4171 681 4233 regie
703 4184 763 4221 ora·
813 4167 1001 4222 Κυκλώπων
1039 4169 1099 4220 ieie
1141 4168 1304 4236 θυμέλαν]

281 4237 380 4288 tionem
398 4240 565 4304 praecidena
601 4237 652 4292 Ille
669 4240 762 4304 igitur,
812 4241 878 4292 loris
905 4242 982 4306 quasi
1005 4239 1119 4306 flagellis
1142 4239 1257 4292 caedere
1276 4255 1303 4292 e-
