2736 4780
260 369 297 432 14
614 363 915 432 PROOEMIUM.

256 538 316 615 τῆς
348 537 629 617 Λακεδαιμονίων
657 533 792 620 γνώμης
822 535 985 618 κωμῳδεῐ,
1008 530 1060 611 ὠς
1086 539 1148 600 καὶ
1172 542 1212 599 ὲν
1233 535 1302 599 Ἀν-

256 614 406 708 δρομάχη
430 619 600 704 (v.446.)·
623 613 648 684 ol
671 623 801 687 πᾶσιν
823 615 1153 703 ἀνθρώποισιν
1178 623 1301 704 έχθι·

257 727 352 770 στοι
379 705 550 790 βροτοί,
581 701 789 793 Σπάρτης
815 707 1008 810 ένοιαου,τ
1032 701 1176 793 δόλια
1199 707 1300 787 βου-

256 785 467 874 λευτήρια.
495 785 572 875 Πρὸ
592 785 655 877 γὰρ
677 792 865 866 Διοκλέους,
890 786 941 877 ἐφ’
960 811 1007 855 ου
1034 787 1104 855 τὸν
1131 788 1301 875 Ὀρέστην

255 873 394 956 ἐδίδαξε,
417 875 697 957 Λακεδαιμονίων
719 876 1019 960 πρεσβευσαμένων
1042 877 1128 961 περὶ
1145 873 1299 960 εἰρήνης,

236 954 497 1038 ,ἀπιστήσαντες
516 957 709 1044 Ἀθηναῖοι,
740 957 780 1024 οὐ
803 957 1013 1046 προςήκαντο
1037 964 1099 1026 ἐπὶ
1124 955 1300 1046 ἄρχοντος

258 1039 482 1127 Θεοπόμπου,
506 1040 545 1120 dg
571 1035 708 1143 {rcapti
738 1045 935 1120 Διοκλέους.
955 1040 1001 1118 ὣς
1021 1047 1164 1127 ἱστορεῖ
1193 1041 1298 1107 Φιλό-

252 1124 1126 1295 cca.lurtulstutlctttltu
1149 1137 1297 1298 μου

255 1299 289 1364 in
312 1319 465 1364 scaenam
479 1298 640 1384 prolatam
655 1319 739 1380 csse,
764 1321 830 1382 quo
852 1319 940 1362 auno
965 1299 1127 1364 Dioclem
1150 1297 1296 1362 arebon-

254 1392 319 1447 tem
349 1383 453 1449 luisse
482 1405 582 1466 quum
612 1383 744 1448 aliunde
777 1395 846 1450 tum
875 1404 893 1448 e
922 1381 1069 1450 Diodori
1095 1383 1211 1451 Siculi
1239 1382 1294 1447 lib.

254 1465 356 1532 XIII.
379 1490 407 1534 c.
432 1470 483 1534 54.
506 1476 619 1532 notum
641 1477 700 1536 est.

254 1686 317 1749 lam
338 1600 458 1751 {illati
487 1696 575 1769 sunt,
604 1688 872 1752 auctoritate
904 1694 1039 1751 auctore
1070 1686 1290 1772 potissimum

253 1769 527 1837 Kirchhoffio
557 1794 665 1857 pauca
699 1771 856 1838 dicamus.
907 1769 953 1836 Et
981 1769 1016 1834 in
1047 1769 1118 1836 bac
1150 1771 1289 1856 quidem

253 1855 366 1920 fabula
394 1855 428 1919 in
450 1879 621 1922 numerum
650 1858 787 1923 veniunt
810 1855 850 1922 de
871 1854 1181 1942 praestantioribus
1214 1856 1287 1942 qui-

252 1939 326 2006 dem
349 1940 441 2006 libris
464 1940 548 2009 Ood.
570 1943 763 2008 Marcianus
786 1965 818 2008 n.
847 1943 921 2006 471.
952 1936 1067 2024 (XCI,
1095 1941 1143 2025 1.)
1185 1964 1286 2006 mem-

252 2027 435 2093 branaceus
457 2049 543 2092 saec.
566 2028 669 2109 XII,
699 2028 805 2092 forma
828 2023 1001 2109 quadrata,
1024 2047 1044 2088 a
1066 2023 1285 2090 Kirchhoflio

251 2111 361 2177 littera
388 2113 431 2177 A.
460 2120 611 2196 notatus,
642 2110 682 2174 de
714 2134 779 2195 quo
802 2109 871 2174 dixi
893 2110 1124 2196 in'proocmio
1148 2109 1286 2176 Andro-

252 2196 387 2261 machae
414 2219 449 2280 p.
476 2195 598 2278 XIII,
631 2193 715 2259 Cod.
743 2194 928 2260 Vaticanus
951 2217 982 2259 n.
1005 2195 1082 2258 909.
1109 2191 1214 2260 bomb
1240 2194 1284 2258 ci-

252 2301 315 2344 nus
345 2300 432 2343 saec.
454 2277 538 2344 XII.
561 2302 581 2343 a
601 2276 810 2344 Kirchhollio
831 2279 943 2343 littera
958 2277 998 2342 B.
1020 2283 1194 2362 notatus‚'
1232 2277 1284 2344 od.

252 2363 424 2429 Parisinus
460 2386 492 2429 n.
528 2366 622 2429 2712.
665 2364 931 2429 membranaceus
976 2385 1062 2430 saec.
1114 2364 1224 2432 XIII.
1265 2384 1285 2426 a

251 2446 458 2514 Kirchhollio
490 2449 601 2514 littera
630 2447 670 2514 Ε.
705 2457 857 2531 notatus,
893 2446 977 2521 Cod.
1017 2447 1220 2514 Marcianus
1252 2470 1282 2510 n.

251 2535 338 2616 468„
361 2534 418 2616 qui
439 2533 474 2597 in
493 2534 599 2598 catelo
624 2557 644 2598 o
665 2533 884 2600 bibliothecae
908 2541 941 2598 et
955 2531 1135 2599 aFranzio
1160 2533 1283 2598 dicitur
1335 2585 1338 2588 .

251 2640 323 2683 esse
360 2623 568 2702 chartaceus,
634 2617 805 2684 'rchboffio
843 2618 933 2684 visus
962 2627 1015 2682 est
1043 2617 1279 2705 bombycinus,
1347 2689 1348 2692 Ἴ

251 2703 375 2768 saeculi
396 2702 518 2787 XIII.,
549 2703 655 2769 forma
683 2703 835 2786 maxima,
859 2703 893 2768 in
916 2701 1005 2768 calce
1028 2704 1189 2787 mutilus,
1222 2703 1277 2768 cu-

250 2788 302 2852 ius
332 2788 438 2854 oratio
470 2797 617 2854 correcta
647 2799 698 2854 est
719 2811 739 2854 a
760 2812 860 2854 manu
882 2787 1083 2871 recentiore,
1116 2810 1204 2873 quae
1226 2808 1278 2850 ea·

174 2873 178 2881 '
250 2870 327 2936 dem
354 2881 388 2937 et
424 2895 637 2960 personarum
673 2877 771 2940 notas
808 2883 840 2938 et
902 2873 1009 2938 lossas
1046 2870 1277 2938 interlineares

250 2955 380 3021 addidit
401 2957 592 3042 scholisque
605 2957 729 3023 adlevit
744 2981 814 3024 mar
839 2897 946 3023 ‘nibus
965 2955 1098 3023 Orestis
1122 2967 1157 3023 et
1171 2957 1277 3020 Phoe·

249 3040 431 3125 nissarum,
455 3043 581 3126 sutilia,
604 3053 643 3108 ut
663 3043 710 3107 ait
731 3043 811 3108 Kirc
837 3042 970 3124 hoffiun,
994 3041 1117 3126 omnia,
1142 3043 1172 3108 is
1194 3041 1276 3106 liber

249 3124 358 3190 littera
384 3126 424 3191 F.
464 3151 484 3192 a
509 3127 718 3194 Kircbbosfio
748 3137 881 3193 notatus
905 3136 977 3204 est3
1007 3127 1162 3210 sequitur
1192 3122 1274 3192 Cod.

248 3211 462 3278 Florentinus
490 3212 595 3298 plutei
621 3212 759 3278 XXXI.
782 3236 814 3277 n.
840 3214 902 3293 10„
923 3211 1034 3276 littera
1056 3234 1086 3276 c.
1111 3235 1131 3276 a
1153 3209 1273 3276 Kirch-

249 3295 352 3362 hostio
375 3306 528 3378 notatus,
559 3296 602 3364 de
655 3319 698 3362 uo
728 3296 871 3363 diximus
894 3295 929 3359 in
952 3297 1122 3381 prooemio
1146 3295 1273 3362 Alcest.

247 3404 280 3529 p.
311 3384 382 3465 20.,
413 3392 483 3450 tum
511 3381 596 3448 Cod.
628 3319 842 3449 llorentinus
871 3380 974 3468 plutei
995 3379 1154 3446 XXXII.
1175 3404 1206 3444 n.
1231 3381 1271 3458 2.,

248 3465 358 3612 l‘ttera
391 3473 424 3614 ὑὲ.
454 3491 474 3534 a
511 3467 721 3536 Kirebhoffio
751 3475 907 3550 notatus,
943 3465 985 3532 de
1022 3489 1089 3552 quo
1131 3465 1272 3532 diximus

261 3570 321 3616 .ο.
347 3575 379 3635 p.
427 3557 455 3618 1.
858 3583 862 3588 ’

332 3665 462 3734 Horum
483 3668 640 3734 librorum
670 3693 771 3754 quum
794 3679 952 3756 quattuor
983 3667 1081 3753 primi
1111 3661 1268 3732 ABEF.
1344 3681 1345 3688 ¹

247 3750 385 3840 primam
407 3754 503 3837 quasi
525 3753 663 3820 classem
686 3754 840 3820 codicum
860 3753 1027 3836 efficiant,
1051 3750 1135 3818 Ood.
1159 3758 1268 3815 autem

246 3859 275 3902 c.
298 3836 453 3921 alterius,
485 3836 569 3904 Cod.
595 3842 628 3904 0.
649 3840 766 3904 tertiae
787 3839 903 3905 classis
922 3838 967 3904 sit
988 3838 1094 3918 testis,
1116 3836 1185 3900 lere
1206 3833 1268 3924 boc

246 3921 345 3998 modo
373 3922 408 3988 in
437 3931 507 3989 arte
536 3924 861 3992 criticasactitanda
887 3924 1047 3989 rationem
1068 3921 1189 3986 ducere
1211 3916 1268 3981 de·
1343 3951 1344 3984 ;

248 4007 385 4090 bemus,
418 4016 475 4092 ut,
503 4009 531 4074 si
561 4008 694 4095 quando
718 4032 830 4076 omnes
853 4009 995 4074 omnium
1018 4006 1171 4073 classium
1193 3998 1266 4066 libri
1343 4011 1344 4030 ¹

249 4093 458 4159 consentiunt
486 4105 547 4161 aut
572 4103 663 4159 certe
684 4095 811 4180 aliquot
837 4094 961 4180 primae
983 4093 1097 4158 classis
1120 4112 1194 4154 cum
1215 4107 1265 4149 re-

248 4175 347 4261 liquis
384 4178 515 4244 duabus
550 4179 729 4261 classibus,
766 4201 838 4244 eam
880 4179 1078 4262 scripturam
1111 4176 1146 4239 in
1180 4167 1259 4236 cod.
1342 4213 1343 4268 j

407 1601 497 1666 uitur
526 1610 564 1666 ut
592 1601 633 1668 de
663 1601 879 1684 codicum,
911 1600 968 1686 qui
1001 1597 1045 1664 ad
1078 1600 1173 1667 hanc
1197 1601 1292 1666 fabu-
