2786 4776
483 321 793 392 PuoonMnJM.
1105 335 1140 396 ll

120 501 162 558 us
195 490 406 576 caederetur,
443 493 618 560 evanuisse
649 493 829 581 virginem,
866 515 1000 563 cervam
1032 505 1141 566 autem

122 581 193 645 eius
216 579 291 642 loco
314 591 445 645 caesam
466 580 626 662 iacuisse,
657 603 756 666 quam
787 579 850 646 dea
871 579 998 648 lubenti
1029 586 1139 650 animo

120 688 184 749 pro
213 663 358 729 humana
385 664 521 728 victima
552 667 753 753 accepisset,
792 664 1000 752 Iphigeniam
1031 679 1139 736 autem

120 751 157 814 in
179 751 326 835 ipsorum
356 747 494 815 deorum
515 753 709 818 societatem
733 751 835 816 videri
866 764 1031 838 receptam
1054 778 1137 822 esee.

119 836 217 901 Haec
241 836 348 900 nuntii
370 835 472 900 verba
501 846 539 901 ut
567 838 759 919 confirmet,
786 836 916 902 accedit
941 841 1041 904 etiam
1066 841 1138 944 ipse

58 965 64 972 ·
120 925 347 1008 Agamemno,
381 919 695 1008 Clytaemnestram*
715 922 756 986 de
791 923 861 986 filia
893 926 1001 990 securi
1037 927 1138 992 animi
1206 979 1210 988 .

120 1027 195 1072 esse
224 1008 316 1072 lubet
338 1005 536 1092 domumque
567 1033 642 1074 cum
665 1008 787 1074 Oreste
816 1008 885 1072 filio
915 1007 1042 1096 redire,
1074 1013 1138 1079 sibi

107 1095 186 1157 iam
209 1102 243 1160 et
275 1091 436 1158 exercitui
458 1095 659 1182 Argivorum
681 1094 762 1160 felix
789 1093 854 1160 iter
875 1093 919 1160 ad
941 1117 1030 1162 cram
1053 1099 1138 1164 Tro-

118 1179 229 1245 ianam
252 1177 321 1243 lore
344 1179 491 1266 sperans.
705 1223 708 1232 .
1113 1211 1118 1219 ¹

207 1265 263 1342 lle
283 1274 407 1346 aetate,
423 1267 506 1349 'qua
528 1265 617 1331 haec
633 1265 745 1331 fabula
767 1265 891 1366 scripta
920 1285 994 1331 esee
1023 1268 1135 1336 videa-

118 1360 192 1433 tur,
217 1349 344 1414 etiamsi
366 1372 491 1434 annue,
523 1354 588 1436 ouo
619 1361 694 1418 aeta
724 1351 789 1416 sit·
820 1375 954 1434 rimum,
983 1353 1056 1440 ipse
1076 1354 1135 1420 de-

117 1435 207 1500 finiri
229 1445 453 1523 nonpot'est,
481 1447 590 1512 temen
621 1439 701 1503 satis
735 1375 915 1523 proEabilis
944 1439 1148 1506 coniectura·

116 1521 191 1585 fleri
212 1531 335 1608 petest:
387 1521 519 1586 Etenim
541 1544 642 1607 quum
675 1521 942 1588 scholiastes
969 1526 1134 1608 Aristo·

117 1605 271 1696 phanis
295 1607 337 1671 ad
360 1605 527 1672 Ranarum
550 1630 579 1674 v.
605 1611 658 1675 67.
680 1607 761 1672 haec
782 1605 1011 1696 adscripserit:
1045 1611 1132 1678 οὕτω
1165 1615 1172 1624 “

117 1697 155 1768 dt
180 1697 236 1776 nai
259 1695 294 1759 αἱ
317 1696 529 1760 διδασκαλίαι
559 1701 721 1781 φέρουσι,
755 1697 1015 1774 τελευτησαντος
1036 1695 1133 1782 Etpa-

117 1781 219 1844 m'dri'v
243 1776 303 1844 τὸν
325 1775 402 1844 υἱὸν
425 1779 531 1844 αὐτοῦ
552 1781 760 1865 eudaemona
782 1775 969 1862 ὁμωνύμως
989 1786 1026 1845 tu
1037 1777 1133 1848 ἄστει

114 1863 316 1948 Ἰφιγένειαν
327 1861 397 1952 ,τὴν
418 1869 453 1928 ἐν
473 1863 606 1933 Αὐλίδι.
627 1861 844 1948 Ἀλκμαίωνα,
862 1860 1019 1947 Βάκχας..
1042 1873 1134 1932 certa

117 1943 371 2015 didascaliaiurn
403 1949 600 2015 auctoritate
629 1948 693 2014 hoc
724 1958 927 2036 compertum
959 1949 1131 2035 habemus,

117 2046 248 2120 mortuo
273 2034 433 2120 Euripide
463 2036 504 2101 ab
533 2039 603 2100 ciue
632 2033 720 2117 filio,
752 2037 817 2120 qui„
839 2033 924 2100 idem
954 2035 1147 2122 Euripides·

71 2182 76 2187 Δ
116 2122 359 2204 nominaretur,
389 2121 563 2208 'Dionysiis
592 2121 720 2208 magnis
743 2143 814 2188 esse
837 2143 908 2186 earn
931 2121 1075 2187 tabulam
1097 2122 1131 2188 in

115 2225 270 2272 scaenam
292 2207 466 2294 prolatam,
490 2217 537 2289 ut,
561 2204 590 2271 si
607 2207 775 2292 'sequimur
790 2207 943 2272 Vitarum
965 2218 1129 2291 auctores,

116 2294 174 2378 qui
209 2292 363 2379 Euripidi
394 2293 460 2358 fere
489 2292 698 2378 septuaginta
728 2293 883 2376 quinque·
903 2294 991 2374 vitae
1026 2317 1130 2360 annos

116 2378 280 2444 dederunt
303 2379 439 2462 eiusque
455 2390 592 2466 mortem
604 2379 641 2442 in
657 2375 877 2465 Olympiados
897 2380 1129 2467 nonagesimae

115 2466 234 2530 tertiae
256 2488 343 2529 arino
368 2473 486 2546 quarto
514 2461 699 2550 ponendam
729 2485 802 2528 esse
832 2463 996 2549 indicant,
1029 2465 1129 2552 paulo

116 2561 194 2614 ante
216 2547 691 2638 nonagesimae'Olympiados
716 2572 836 2614 anuum
861 2560 1033 2634 quartum,
1058 2563 1126 2633 aut,

115 2637 144 2702 si
168 2635 266 2702 fidem
290 2635 448 2710 habemus
471 2636 624 2700 marmori
638 2633 747 2717 Pario,
772 2635 813 2702 cl.
830 2638 931 2722 Aug.
949 2636 1128 2703 Boekhii

70 2745 73 2754 ¹
114 2721 216 2808 Corp.
240 2723 337 2788 incer.
360 2719 458 2786 Π.-Ὶ.
481 2745 514 2805 p.
537 2723 629 2804 342„
660 2721 753 2786 cuius
785 2723 983 2787 auctoritate
1012 2721 1128 2810 Olym-

113 2807 243 2893 piadoS,
268 2831 364 2892 quam
388 2806 542 2886 diximus,
565 2830 651 2871 anno
674 2806 820 2878 secundo
841 2807 1019 2893 Euripides
1041 2832 1127 2874 mon·

112 2905 190 2958 tuus
215 2915 289 2960 esse
310 2895 425 2967 fertur,
449 2891 559 2980 paullo
581 2901 656 2956 ante
680 2891 767 2956 hunc
789 2892 895 2976 ipsum
911 2915 1031 2956 annum
1046 2892 1127 2958 haec

111 2979 225 3044 fabula
247 2979 371 3060 scripta
393 3000 465 3042 esee
488 2976 648 3042 videatur.
700 2977 788 3040 Hinc
818 2977 899 3040 illud
922 2988 1011 3041 recte
1035 2977 1126 3041 colli·

112 3065 219 3151 gitur,
254 3075 288 3128 et
310 3067 344 3128 in
366 3062 540 3148 postremis
564 3060 736 3126 clarissimi
758 3063 874 3144 poetae
896 3061 1018 3125 fabulis
1042 3061 1127 3125 hane

113 3149 349 3216 numerandam
372 3169 444 3214 esse
468 3156 500 3210 et
521 3147 662 3211 tortasse
685 3168 727 3210 ne
752 3145 792 3208 ab
809 3142 971 3229 Euripide
993 3144 1144 3227 quidem.

111 3237 185 3322 ipso
209 3233 460 3320 diligentissime
483 3253 553 3296 eam
577 3231 721 3296 fabulam
744 3239 892 3294 exactam
915 3252 954 3294 ac
984 3230 1127 3316 perpoli-

110 3333 180 3385 tam
203 3321 317 3402 fuisse,
340 3318 375 3382 id
398 3315 486 3402 quod
510 3315 600 3382 haud
619 3317 688 3380 scio
712 3337 751 3378 an
775 3315 809 3378 in
831 3313 969 3401 singulis
991 3315 1125 3398 quibus·

110 3407 187 3470 dam
218 3405 298 3468 locis
327 3401 641 3486 iudicandis‘atqne
675 3399 880 3486 explicandis
909 3401 1033 3484 aliquid
1056 3426 1126 3468 mo·

110 3490 213 3556 menti
235 3490 355 3557 habere
386 3489 515 3553 debeat.
560 3488 737 3572 Quumque
759 3483 824 3550 huc
847 3485 1002 3570 accedat,
1035 3487 1124 3574 quod

109 3577 193 3642 haec
214 3575 325 3642 fabula
360 3597 427 3638 non
455 3573 576 3660 legitur
606 3573 668 3647 nisi
698 3571 824 3636 inillis
849 3571 978 3637 duobus
1008 3575 1124 3649 tertiae

110 3663 227 3729 classis
250 3663 355 3742 libris,
379 3659 504 3726 Codice
530 3659 680 3722 Palatino
704 3658 789 3721 inter
816 3657 996 3723 Vaticanus
1019 3659 1125 3726 relato

110 3774 141 3814 n.
167 3753 239 3814 ⁴287.
262 3747 412 3828 saecule,
437 3756 474 3809 ut
495 3743 638 3826 videtur,
663 3740 762 3809 XIV.
777 3742 964 3808 membrana
985 3745 1122 3829 scripto,

111 3857 208 3917 quem
232 3835 395 3910 litteraB
423 3832 551 3900 notavit
578 3828 902 3910 Kirchhoffius,
933 3838 967 3894 et
998 3827 1124 3894 Codice

109 3921 303 3985 Florentino
326 3919 408 4005 plut.
431 3915 586 3980 XXXlI.
611 3939 641 3978 n.
667 3921 695 3978 ‘L
719 3915 852 3980 saeculo
876 3913 975 3978 XIV.
1009 3913 1124 3994 charta

111 4006 254 4090 scripto,
277 4025 384 4092 ‘quem
408 4005 518 4068 littera
542 4005 568 4065 C
594 4002 722 4066 notavit
752 3999 851 4081 idem,
877 3999 917 4063 de
942 3999 1061 4082 quibus
1084 3999 1123 4062 li·
1201 4025 1208 4034 ·
1255 4025 1258 4035 ι

110 4091 178 4156 bris
202 4089 324 4156 dictum
356 4101 407 4154 est
430 4111 450 4152 a
481 4088 577 4155 nobis
601 4088 634 4152 in
658 4085 827 4171 prooemio
849 4083 975 4150 Alcest.
998 4107 1029 4168 p.
1056 4087 1121 4168 21,

110 4185 250 4262 apparet
270 4177 304 4240 in
327 4175 389 4242 huo
415 4197 547 4258 quoque
570 4172 680 4240 fabrile
702 4182 804 4244 artem
835 4169 981 4235 criticam
1012 4170 1123 4236 multis
