2736 4780
238 338 275 404 l‘l
594 332 897 400 PROOEMIUM.

153 531 155 540 ¹
236 503 532 591 Clytaemnestram
546 511 604 568 aut
618 501 778 582 Helenam
804 501 888 566 filias
906 499 1111 584 defensurus,
1133 502 1268 590 rigidus
1349 557 1355 574 Α

238 590 347 675 legum
369 597 501 670 custos,
523 587 622 654 docet
643 609 741 668 quam
764 586 957 656 sceleratum
986 588 1031 652 sit
1056 585 1187 653 Orestis
1216 588 1269 662 lar
1338 637 1348 660 ,.

239 674 342 740 cinus.
402 670 597 757 Respondet
632 673 663 736 ei
698 669 854 753 Orestes,
892 670 951 738 sed
986 671 1033 738 ita
1073 671 1269 758 respondet,
1345 712 1355 746 ·,

239 768 277 826 ut
307 756 359 822 avi
384 758 464 822 iram
494 757 592 822 etiam
627 756 733 842 magis
761 757 795 822 in
832 778 868 822 se
901 757 1059 838 concitet,
1096 757 1154 841 qui
1190 759 1268 842 qui-

233 843 314 910 'dein
342 843 484 908 minatur
511 865 547 908 se
567 841 763 908 effecturum
786 862 877 922 esse,
907 851 946 906 ut
967 839 1105 908 Orestes
1130 861 1164 906 er
1186 842 1269 906 Ele·
1349 907 1354 917 ,

240 947 311 996 cura
332 928 364 991 la
387 927 497 994 idibus
520 927 714 1008 obruantur,
736 925 924 992 Menelaum
949 936 1058 992 autern
1081 927 1155 992 illos
1177 928 1270 991 tueri
1354 981 1355 988 ,

240 1023 329 1080 vetat
360 952 407 1096 dl.
431 1014 499 1098 456·
517 1049 557 1060 -·-
588 1013 676 1096 629).
727 1009 797 1076 Ubi
827 1010 882 1074 ille
912 1009 1083 1095 discessit,
1125 1010 1271 1076 Orestes
1353 1053 1355 1088 5

241 1097 399 1166 aduersus
421 1096 610 1164 Menelaum
633 1104 867 1162 commemorat
882 1095 992 1162 omnia
1006 1100 1036 1161 A
1063 1097 1272 1162 amemnonis
1346 1137 1355 1166 -,

241 1183 344 1272 patris
375 1183 427 1250 sui
450 1179 609 1248 beneficia
630 1181 665 1244 in
688 1179 780 1246 illum
802 1180 938 1256 collata,
966 1191 1001 1246 et
1037 1119 1063 1246 d

241 1269 312 1338 eius
342 1266 565 1350 similiumque
587 1265 758 1352 implorat;
786 1265 842 1331 ille
863 1289 943 1332 vero
966 1266 1047 1331 satis
1070 1265 1201 1352 frigide,
1227 1289 1270 1332 se
1354 1311 1355 1314 ,

240 1351 322 1418 nihil
352 1353 388 1418 vi
415 1364 448 1416 et
469 1351 587 1434 armis,
622 1351 731 1417 omnia
760 1349 993 1436 persuadendo
1015 1360 1048 1417 et
1077 1350 1271 1416 cunctando
1350 1397 1355 1407 -

241 1437 433 1504 effecturum
456 1457 529 1502 esse
550 1435 711 1522 pollicens
732 1435 801 1501 abit
823 1437 869 1519 (v.
896 1438 960 1502 630
982 1473 1023 1486 -
1040 1436 1145 1520 716).=·
1174 1435 1272 1501 Dum
1353 1480 1355 1514 ᾗ

243 1521 381 1590 Orestes
405 1543 441 1588 se
463 1521 505 1590 ab
527 1522 680 1587 omnibus
702 1529 835 1604 praeter
848 1519 1015 1586 Electram
1038 1520 1204 1586 desertum
1226 1544 1271 1586 ac
1354 1543 1355 1598 g

266 1606 409 1674 reditum
432 1605 549 1674 videns
571 1605 780 1684 lamentatur,
802 1603 896 1674 adest
918 1605 949 1670 ei
970 1603 1112 1694 Pylades
1135 1629 1156 1670 a
1171 1615 1269 1691 patre
1351 1661 1355 1687 Δ

241 1630 401 1776 ξὶναρὴὶο
432 1701 575 1778 pmpter,
606 1689 718 1758 caedis
756 1687 1039 1776 Clytaemnestram
1073 1691 1271 1758 societatem
1352 1741 1355 1772 ᾗ

241 1776 339 1846 domo
367 1777 491 1844 eiectus
518 1777 611 1862 ipse;
643 1776 701 1861 qui
735 1785 911 1860 postquam
932 1796 1101 1842 sermones
1121 1777 1208 1840 inter
1231 1799 1271 1840 se
1352 1819 1355 1858 3

244 1862 473 1946 coutulerunt,
504 1862 711 1928 constituunt
733 1861 767 1928 in
789 1861 897 1945 ipsam
917 1862 1124 1948 Argivorum
1140 1863 1272 1926 contio-
1354 1919 1355 1942 1

241 1969 315 2012 nem
345 1948 479 2034 prodire
508 1969 645 2032 eamque
673 1969 744 2012 rem
773 1947 912 2032 exigunt
941 1954 988 2026 (r.
1024 1949 1086 2011 tlt
1111 1981 1150 1992 -
1174 1947 1268 2030 806).
1354 1993 1355 2030 p

241 2031 372 2100 Chorus
400 2033 532 2098 cantico
562 2054 622 2100 suo
660 2032 696 2096 in
725 2029 855 2096 facinus
885 2029 1020 2100 Orestis,
1044 2031 1190 2096 excurrit
1218 2032 1269 2114 (v.
1354 2077 1355 2096 t

241 2119 303 2182 act
328 2155 368 2165 -
391 2119 484 2201 843).
534 2114 635 2180 Redit
666 2115 701 2181 iu
722 2135 877 2199 scaenam
900 2115 1037 2182 Electra
1059 2117 1192 2182 fratrem
1214 2139 1269 2182 re·
1354 2193 1355 2196 Ἴ

241 2202 371 2284 visura,
404 2200 446 2268 ad
479 2220 577 2286 quam
611 2200 677 2266 ium
715 2200 853 2266 nuntius
886 2201 988 2266 refert
1032 2200 1202 2267 decretum
1248 2225 1270 2264 a
1354 2223 1355 2226 ¹

230 2286 405 2354 ,contione
426 2285 461 2350 in
484 2307 522 2351 se
542 2307 581 2350 ac
610 2285 744 2350 fratrem
766 2305 863 2354 suum
885 2285 1099 2372 supplicium
1131 2287 1270 2372 egregia

243 2380 294 2436 est
323 2368 555 2457 suffragiorum
584 2371 748 2438 variorum
771 2372 944 2454 omnisque
976 2371 1140 2438 contionis
1164 2393 1267 2455 ospo-

242 2455 337 2534 siti03
368 2455 432 2522 hoc
460 2479 560 2523 unum
596 2458 830 2543 impetraverat
866 2454 1017 2539 Omstes,
1050 2467 1089 2522 ut
1118 2477 1177 2522 aua
1200 2456 1269 2520 sibi

245 2564 344 2606 manu
372 2542 479 2627 perire
509 2541 746 2611 concederetur
767 2543 815 2624 (v.
839 2542 903 2609 844
925 2577 966 2594 -v
989 2542 1080 2692 9553.
1125 2539 1268 2607 Sublimi
1348 2561 1354 2572 ·

244 2627 387 2692 carmine
421 2627 557 2694 Electra
579 2651 639 2695 sua
662 2635 696 2692 et
718 2627 902 2692 communia
925 2626 1040 2714 Pelopi
1065 2649 1158 2692 arum
1178 2626 1268 2690 mala

243 2709 342 2778 deflet
370 2714 415 2796 (v.
439 2715 504 2780 960
525 2751 565 2761 -
592 2713 701 2796 1012).
753 2712 839 2778 Tum
869 2707 1008 2779 Orestes
1036 2735 1112 2778 cum
1140 2710 1268 2798 Pylade

244 2795 346 2880 redit,
376 2798 562 2866 deliberant
590 2799 732 2864 Orestes
758 2807 792 2862 et
821 2797 955 2864 Electra
978 2819 1044 2882 quo
1066 2797 1129 2863 sibi
1151 2797 1269 2862 mortis

244 2905 365 2970 genere
386 2884 591 2970 pereundum
616 2885 676 2962 sit;
707 2880 846 2949 Orestes
870 2881 1029 2970 Pyladem
1059 2883 1151 2948 iubet
1172 2903 1269 2946 suum

228 2977 280 3034 .et
303 2968 455 3036 Electrae
478 2972 577 3038 sunus
600 2991 714 3036 curare
743 2979 777 3032 et
806 2989 945 3053 corpora
967 2990 1172 3054 componere.
1220 2969 1273 3030 At

244 3053 302 3120 ille
332 3077 368 3120 se
397 3079 463 3122 una
490 3058 573 3122 mori
602 3055 697 3122 malle
720 3052 817 3136 dicit,
843 3053 903 3120 sed
923 3063 1000 3120 ante
1023 3075 1120 3138 quam
1140 3051 1174 3116 id
1197 3051 1270 3134 fiat,

245 3139 315 3205 vult
343 3142 441 3207 etiam
471 3142 661 3208 Menelaum
687 3142 795 3225 ipsum
834 3150 968 3226 propter
989 3139 1153 3227 ignaviam
1175 3159 1271 3202 suam

244 3225 373 3310 puniri,
396 3237 449 3312 et,
473 3227 552 3313 quia
574 3226 736 3293 Helenam
759 3226 908 3308 quamvis
930 3224 1128 3312 flagitiosam
1150 3222 1268 3288 mulie·

248 3333 316 3376 rem
337 3312 440 3379 nimio
463 3335 562 3400 opere
585 3333 694 3378 amare
709 3309 885 3394 videretur,
909 3310 995 3376 hanc
1009 3308 1159 3376 occidere
1181 3309 1273 3372 inter

248 3415 305 3460 eos
328 3401 487 3465 convenit
506 3399 641 3464 nimium
663 3396 792 3481 prolixo
815 3419 981 3478 sermone,
1005 3395 1137 3460 Electra
1160 3403 1271 3458 autem

247 3479 293 3545 ait
313 3480 527 3550 Hermionam
550 3505 695 3568 quoque,
724 3503 808 3566 quae
839 3505 914 3548 mor
946 3505 966 3546 a
987 3479 1271 3568 Clytaemnestrae

194 3623 202 3640 ν
246 3563 397 3662 sepulcro
420 3569 567 3634 reditura
595 3570 650 3652 sit,
673 3568 706 3653 pi
733 3567 822 3634 noris
847 3567 921 3634 loco
950 3564 1154 3632 retinendam
1184 3585 1270 3630 esse.

248 3647 311 3712 llrs
340 3653 439 3718 rebus
467 3655 628 3719 consultis
657 3591 804 3718 umllram
827 3652 1085 3738 Agamemnonis
1114 3651 1274 3715 invocant

247 3730 384 3802 Orestes
414 3748 448 3803 et
474 3739 618 3823 Electra,
642 3748 679 3804 ut
700 3737 780 3822 ipsis
803 3735 925 3802 auxilio
955 3759 1026 3804 esse
1055 3735 1146 3818 velit
1170 3735 1272 3820 Pyla-

246 3817 305 3884 des
326 3831 435 3886 autem
458 3823 501 3888 ad
523 3849 591 3890 rem
615 3821 837 3910 peragendam
858 3819 995 3889 hortans
1017 3845 1036 3887 a
1057 3822 1137 3887 love
1159 3829 1192 3884 et
1214 3819 1278 3886 Iu-'

246 3905 336 3968 stitia
365 3908 520 3975 auxilium
548 3912 633 3996 petit
665 3913 712 3993 (r.
738 3909 820 3972 1013
843 3945 884 3959 -ι-
911 3908 1020 3991 1245).
1074 3907 1168 3972 Tum'
1183 3903 1269 3972 Ore-

247 3998 316 4056 stes
339 4004 372 4056 et
394 3993 538 4080 Pylades
562 3995 660 4060 aedes
683 3995 825 4077 intrant,
848 3993 983 4059 Electra
1004 4015 1083 4058 vero
1104 3992 1196 4073 loris,
1220 3993 1271 4056 in·

249 4075 371 4160 quieta,
394 4079 487 4144 chori
509 4102 665 4165 personas
687 4079 787 4147 variis
800 4078 882 4145 locis
905 4082 1084 4146 consistere
1106 4078 1211 4158 iubet,
1234 4091 1272 4142 ut

247 4159 422 4232 observent
436 4187 512 4232 num
537 4165 610 4249 quis
633 4163 770 4232 accedat
790 4166 837 4247 (v.
858 4164 1095 4247 rare-maa).
1123 4162 1271 4229 Auditur

1060 1203 1145 1246 enuo
1167 1203 1271 1265 opem
1349 1225 1355 1237 ,
