2800 4774
633 337 899 402 ΕΥΡΙΠΙΔΟΥ

366 501 521 581 Πυλάδη,
547 499 588 569 οὐ
603 500 668 588 γάρ
687 527 745 586 μοι
763 504 859 568 τούάε
877 498 1074 586 συλλήπτωρ
1097 499 1214 579 πόνον,
1245 511 1287 572 95

364 610 397 671 τί
424 605 574 720 δρῶμενῖ
597 602 835 692 ἀμφίβληστρα
861 600 927 687 γάρ
954 607 1073 686 τοίχων
1100 599 1184 688 ὁρᾷς

280 723 287 730 ·
366 702 505 795 ἡψηλάς
531 703 657 788 πότερα
685 704 847 786 δωμάτων
874 704 1123 786 προςαμβάοενς

367 802 622 892 λκβησόμεοθας
649 807 719 880 πῶς
744 802 789 868 ἂν
817 794 879 870 οὖν
905 803 1118 888 λάθ”οεμεν
1100 828 1164 880 αν;

239 903 269 964 ',
365 904 386 986 ἢ
411 902 637 993 χαλκότευκτα
666 908 803 996 κλῇθρα
831 902 991 979 λύσαντες
1018 907 1172 987 μοχλοῐςς

367 999 415 1072 ὧν
441 1006 540 1074 οὐδὲν
568 1007 679 1090 ἴσμεν·
708 1001 748 1084 ἢν
776 1005 804 1068 δ’
836 1003 1032 1087 ἀνοίγοντες
1059 1004 1167 1080 πύλας
1224 1015 1288 1079 100

366 1111 555 1198 ληφθῶμεν
581 1105 740 1190 ελςβάσεες
767 1131 800 1172 τε
823 1105 1067 1191 μηχανώμενοι,

372 1205 582 1291 θανούμεθ’.
610 1203 697 1272 ἀλλά
727 1210 805 1291 πρὶν
832 1211 956 1272 θανεῖν
983 1204 1064 1282 νεώς
1089 1211 1143 1271 ἔπι

369 1308 551 1400 φεύγωμεν,
579 1299 661 1400 ᾗπερ
689 1308 771 1393 δεῦρ’
803 1305 1102 1405 ἐναυστολήσαμεν.

340 1504 373 1559 V.
391 1502 435 1555 98.
472 1503 527 1551 παῖε
550 1499 594 1565 (άν
618 1503 678 1552 add.
705 1517 739 1553 m.
764 1472 828 1568 seo.)
858 1495 907 1553 οὖν
931 1500 997 1554 Cod.
1017 1503 1049 1551 Β.
1088 1501 1143 1549 παῖε
1167 1494 1207 1563 ἄρ’
1238 1491 1290 1548 αόν

271 1571 338 1622 Cod.
364 1574 392 1623 C.
417 1569 542 1632 λάθοιμεν
567 1572 722 1623 Reiskius
749 1581 788 1636 et,
811 1582 840 1622 ut
870 1575 989 1634 videtur,
1013 1569 1080 1621 Cori.
1099 1569 1130 1619 B.
1156 1567 1290 1632 μάθοιμεν

269 1643 374 1694 Aldus
393 1649 419 1692 ot
438 1639 517 1708 [cod.
536 1640 576 1707 G]

338 1712 372 1760 V.
390 1711 447 1763 100.
485 1701 532 1761 ὧδ’
552 1705 635 1759 οὐδὸν
654 1708 947 1773 ἕειμενΒεάλτεπεοε,
967 1726 1045 1774 quem
1057 1709 1082 1759 N
1091 1709 1229 1757 auehius
1248 1722 1290 1757 τε·

271 1788 368 1843 quutur
386 1788 435 1843 est,
453 1783 498 1846 qui
515 1782 573 1844 ipso
590 1788 679 1830 tomen
698 1776 823 1841 θύραθεν
842 1780 926 1842 ἔειμεν
943 1782 1093 1846 proposuit.

272 1961 333 1997 οτοε
355 1947 392 1998 tlt
411 1950 460 2015 γῆν
469 1945 565 2012 ἄξενον
584 1948 752 1998 scribendum

272 2019 435 2081 coniecerat,
457 2022 499 2068 oni
521 2021 550 2069 P.
570 2019 752 2067 Elmsleius

271 2089 400 2138 adsensus
432 2097 480 2138 est.
523 2089 590 2138 Mihi
616 2083 753 2151 ἄγνωστον

271 2165 342 2206 recte
368 2159 402 2206 od
429 2165 526 2206 terram
551 2158 640 2220 potius
668 2159 752 2220 ipsam

271 2228 377 2276 videtur
404 2227 511 2277 referri:
548 2241 608 2276 nom
635 2234 752 2289 prseter-

272 2303 350 2359 quom
384 2298 457 2360 quod
487 2303 558 2346 terre
584 2304 641 2344 orat
667 2298 753 2344 inco·

272 2367 382 2426 gnita,
406 2367 435 2413 in
455 2381 507 2429 qua
530 2367 580 2428 ipsi
601 2371 658 2414 erat
676 2365 754 2414 facile

272 2433 432 2496 periclitari,
464 2442 522 2483 erat
550 2435 629 2483 etiam
660 2435 753 2482 inho-

273 2502 423 2564 epitom,
437 2518 506 2566 quse
517 2504 622 2566 quidem
636 2505 695 2566 ipsa
705 2518 753 2551 no·

275 2571 310 2619 tio
335 2573 460 2634 quonism
485 2573 570 2634 magis
594 2573 673 2620 otiam
692 2572 754 2620 effe·

272 2639 356 2688 tendo
379 2655 411 2690 ao
433 2642 577 2704 promendo
603 2647 672 2702 erat,
699 2642 753 2690 Ho-

272 2710 371 2758 merica
397 2710 444 2758 iila
467 2706 605 2772 παρατάξει
624 2711 651 2758 in
670 2717 755 2758 extro·

272 2792 315 2826 mo
336 2780 530 2831 enuntiationis
548 2781 609 2829 loeo
630 2779 756 2828 adiuncta

274 2853 323 2896 est.

307 2915 340 2964 V.
352 2914 395 2967 87.
426 2914 683 2982 πραεαμβάσειε]
704 2917 755 2966 Re·

273 2993 314 3034 cte
332 2985 398 3034 hoec
422 3001 477 3034 vox
495 2987 522 3034 in
545 3003 626 3036 unum
650 2995 757 3036 oontra·

274 3062 318 3104 oto
338 3060 386 3104 est.
425 3052 626 3119 Προεαμβάοετε
647 3071 756 3119 respon·

274 3125 338 3174 dent
350 3124 428 3188 plane
437 3124 596 3176 Latinorum
611 3127 758 3176 ascensi-

273 3195 345 3255 bus,
358 3195 402 3258 qui
416 3202 479 3244 sunt
491 3196 590 3259 gradus
604 3201 649 3245 aut
660 3195 757 3256 scalae,

274 3265 371 3326 quibus
392 3265 421 3314 in
440 3267 603 3328 superiorem
622 3266 709 3314 locum
731 3279 758 3314 a·

274 3333 424 3392 stenditur,
444 3335 505 3384 vide
526 3335 654 3387 Vitruv
676 3334 713 3383 11.
733 3333 759 3396 8,

274 3402 298 3453 1
318 3403 350 3454 V.
370 3403 396 3464 6,
417 3403 441 3454 2.
480 3405 547 3454 Mihi
580 3412 667 3454 autem
693 3370 759 3453 λιοεό

198 3485 201 3492 ·
273 3471 360 3532 primo
388 3474 611 3537 interrogationis
637 3489 699 3538 pers
725 3473 760 3522 ad

248 3559 250 3562 ·
274 3537 354 3587 aedes
374 3555 417 3590 eos
436 3545 570 3604 pertinere
589 3545 707 3604 videtur,
727 3545 755 3590 in

275 3605 370 3668 quihus
380 3609 500 3660 homines
511 3611 676 3672 habitabant,
687 3626 756 3676 quae

275 3682 352 3724 erant
363 3677 398 3724 ad
410 3680 534 3744 templum
547 3681 660 3743 Dianae,
671 3682 756 3729 unde-

275 3757 325 3807 que
348 3746 486 3806 probabile
505 3755 545 3797 est
564 3753 643 3801 etiam
667 3749 756 3798 fanum

275 3815 360 3894 ipsum
388 3815 456 3863 odiri
482 3819 613 3880 potuisse,
645 3825 674 3866 ut
702 3834 757 3868 non

275 3885 333 3933 sine
368 3882 467 3933 idonee
502 3901 585 3936 eausa
616 3887 758 3968 iphigenia

275 3967 357 4017 supra
374 3969 399 4002 v.
413 3951 446 4005 65
465 3967 502 4018 sq
522 3954 572 4004 hoo
590 3957 667 4019 qnasi
682 3971 758 4018 prae-

275 4037 374 4087 perans
394 4022 505 4072 dixerit·
526 4017 571 4084 εἶμ’
591 4026 653 4108 εἱρω
670 4022 758 4086 δόμων

276 4090 305 4141 ἐν
330 4085 382 4140 οἶοι
413 4094 477 4141 ναίω
505 4087 583 4144 τῶνδ’
608 4087 759 4161 ἀνακτόρων

276 4161 352 4212 θεᾶν.

310 4229 397 4284 v.99.
424 4225 672 4296 ἢχαλκάτενκτα
691 4235 758 4298 κλῇ-

803 1948 867 2010 θρα
886 1945 1041 1998 ihoannes
1060 1945 1291 2010 μοχλοῖε;]Ηοο

803 2020 867 2068 mihi
886 2021 919 2068 ad
930 2020 1015 2082 ipsius
1030 2019 1121 2079 tempii
1138 2017 1219 2076 fores,
1230 2029 1290 2078 ρετ·

803 2091 888 2138 tinere
907 2091 1025 2147 videtur,
1050 2100 1118 2150 quoe
1143 2092 1219 2134 erant
1236 2085 1290 2132 fer·

803 2166 877 2206 rates
897 2165 923 2206 et
940 2157 1052 2207 reolusis
1074 2156 1209 2218 repaguiis
1228 2168 1291 2216 ape-

804 2229 912 2277 riendae
923 2235 1007 2286 orant.
1016 2226 1137 2276 similiter
1149 2232 1178 2272 ut
1189 2225 1217 2285 in
1232 2226 1255 2272 A
1264 2237 1291 2270 ε-

804 2297 912 2360 schyli
942 2295 1062 2359 Choeph.
1089 2293 1150 2346 886.
1177 2293 1291 2342 dicitur:

805 2364 888 2416 πάλαε
905 2366 1009 2428 μοχλοῑε
1028 2363 1124 2427 χαλᾶτε.

840 2469 956 2522 V..100
993 2457 1156 2516 ὦνοάὸὲν
1180 2462 1286 2526 λομεν]

808 2535 839 2587 Si
857 2505 923 2587 haec
945 2539 1040 2597 verba,
1057 2552 1107 2620 pro
1127 2534 1221 2618 quibus
1238 2534 1288 2582 eti·

805 2623 848 2657 am
868 2609 947 2657 scribi
966 2608 1054 2669 possit
1079 2595 1116 2654 ὥν
1134 2597 1246 2652 οὐδέν’
1233 2619 1290 2666 εχα-

806 2693 863 2736 μεν,
891 2679 996 2740 integro
1022 2683 1103 2738 atque
1133 2675 1291 2736 incorrupte

806 2754 877 2808 sunt,
890 2746 953 2796 mihi
967 2746 1090 2794 videntur
1101 2744 1194 2792 eodem
1208 2743 1290 2792 modo

807 2817 869 2878 dici,
889 2830 951 2897 quo
962 2814 1110 2878 supremis
1129 2807 1162 2861 ἂν
1182 2803 1233 2860 οὖν
1247 2809 1290 2861 λά-

806 2883 901 2945 θοεμεν
934 2880 980 2942 άν,
1005 2891 1035 2932 ut
1068 2883 1292 2944 interrogationis

807 2956 913 3017 signum
932 2960 994 3017 post
1012 2953 1114 3014 μοχλοῑε
1136 2952 1245 3000 fecerim
1265 2963 1293 2999 et

807 3024 941 3073 sententio
968 3031 1093 3073 nascetur
1124 3021 1291 3074 huiusmodir

808 3091 898 3151 Quod
930 3092 1007 3142 ideo
1036 3091 1118 3140 fieri
1147 3104 1208 3138 non
1238 3105 1293 3151 po-

807 3169 883 3222 test,
904 3163 1057 3226 quonism
1076 3159 1163 3210 nihii
1183 3172 1294 3208 earnm

808 3248 916 3281 rerum
953 3245 1094 3281 omnium
1125 3243 1293 3278 novimus.

809 3301 862 3351 Sed
881 3302 996 3363 ingenue
1018 3301 1106 3349 fateor
1124 3299 1158 3348 de
1177 3298 1227 3346 heo
1246 3313 1293 3346 ex·

807 3372 953 3436 plicatione
971 3371 1055 3420 totius
1074 3369 1127 3417 iooi
1151 3368 1293 3416 vehemen-

808 3448 849 3488 ter
881 3440 996 3489 dnbitari
1035 3453 1115 3504 posse
1149 3443 1175 3486 et
1205 3437 1293 3484 looum

809 3511 961 3574 graviorem
984 3510 1013 3558 in
1036 3510 1143 3558 modum
1169 3506 1235 3555 mihi
1254 3506 1294 3554 τί-

806 3580 862 3628 deri
899 3577 1041 3628 adfectum.
1090 3577 1140 3626 His
1182 3575 1293 3637 seriptis

806 3665 865 3698 eam
874 3649 1005 3698 rationem
1017 3647 1142 3710 cognovi,
1155 3660 1207 3708 quo
1215 3643 1293 3692 Κτί-

806 3735 880 3804 οπλα
901 3751 964 3800 huio
987 3751 1047 3800 iooo
1072 3750 1172 3799 mederi
1197 3747 1294 3806 voluit,

809 3822 854 3884 qui
883 3827 990 3906 recepto
1016 3819 1177 3869 Bedhemi
1203 3817 1293 3866 conie-

809 3899 884 3940 ctura
908 3879 956 3939 ὧδ’
981 3883 1065 3937 οὐδόν
1088 3888 1183 3947 ἔθεμεν,
1206 3893 1293 3935 totum

809 3962 896 4009 iocum
916 3961 954 4010 sio
973 3959 1079 4008 restitui
1099 3958 1196 4006 voluit.
1216 3953 1292 4004 πάτε-

810 4045 842 4092 pa
869 4027 993 4091 δωμάτων
1020 4023 1214 4108 προεαμβάοειε
1234 4021 1293 4074 Ἐκ·

810 4093 962 4161 θησόμεσθ’
994 4093 1082 4146 ὅπως
1106 4091 1138 4144 ἂν
1164 4085 1216 4144 οὖν
1240 4090 1294 4156 μά·

810 4163 966 4228 θοιμεν”
950 4183 990 4225 αν,
1009 4167 1035 4217 εἰ
1049 4163 1225 4247 χαλκότευκτα
1234 4164 1294 4225 κλῇ-

811 4236 867 4302 θρα
886 4235 1010 4288 λόοαντεε
1034 4237 1152 4299 μοχλοῖς,
1178 4223 1225 4282 oit'
1246 4227 1294 4282 ori-
