2784 4776
274 363 535 462 inimum
562 366 600 428 H
627 366 692 428 EN
720 366 946 434 ἸἈΥΡΟΙΣ.
1092 365 1132 428 35

470 533 509 595 II
524 530 764 598 ΥΑΑΔΗΣ.

208 652 340 744 φεύγειν
367 659 428 740 μέν
456 653 517 720 οὐκ
543 653 686 722 ἀνεκτὸν
714 657 785 724 οὐδ’
817 657 1005 746 εἰώθαμεν·

209 755 270 820 τὸν
296 745 361 821 τοῦ
386 759 474 822 θεοῦ
502 758 535 822 δὲ
559 756 712 841 χρησμὸν
740 759 779 825 οὐ
809 771 993 833 κακιστέον.
1072 779 1130 844 105

211 860 296 922 ναοῦ
324 855 354 922 δ’
385 856 647 941 ἀπαλλαχθέντε
674 859 855 952 κρύψωμεν
882 867 983 946 δέμας
1067 921 1070 928 ,

211 981 275 1023 κατ
312 954 403 1046 ἄνερ
433 954 456 1022 ἃ
485 959 611 1035 πόντος
639 964 745 1027 νοτίδι
771 965 861 1028 arax)
858 964 936 1047 .ύζιι
961 970 1071 1053 μέλας,

211 1055 291 1134 νιώς
317 1055 474 1139 ἄπωθεν,
500 1059 545 1145 μή
573 1085 623 1136 τις
648 1060 775 1136 eleaticis
801 1086 932 1153 σκαφος

208 1159 458 1244 βασιλεῦσιν”
429 1185 502 1250 emp·
530 1150 616 1245 κᾶτα
642 1165 830 1250 ληιμθωμέν
854 1167 924 1251 βίᾳ.

209 1259 295 1327 ὅταν
322 1265 369 1326 δέ
384 1258 503 1337 νυκτὸς
534 1259 625 1346 ὄμμα
654 1269 793 1346 λυγαίας
818 1266 916 1358 μόλῃ,
1069 1281 1130 1344 110

176 1501 210 1553 V.
229 1499 290 1552 103.
326 1501 427 1550 dehoc
446 1508 472 1548 et
491 1515 564 1564 seqq
584 1519 667 1554 verss.
693 1507 810 1588 conferri
829 1505 1095 1559 Krrcbboifrus
1088 1525 1128 1559 ιιι

104 1571 191 1621 betI
211 1569 370 1620 Mulnlcm
391 1569 460 1634 V.p
464 1570 549 1624 ..136

177 1639 211 1688 V.
231 1639 291 1694 105
326 1639 398 1689 θεοῦ
423 1635 455 1686 δέ
477 1640 547 1688 libri.
567 1638 639 1688 θεοῦ
664 1657 690 1688 τε
713 1637 959 1710 Kirchhofiine,
984 1648 1030 1712 qui
1054 1648 1128 1698 dein-

103 1725 168 1774 ceps
189 1703 239 1758 criu
258 1703 376 1760 αιισιέον
394 1708 473 1758 scribi
492 1725 572 1774 posse
594 1711 738 1760 existimet.

178 1779 207 1827 V.
227 1777 285 1832 106.
314 1773 730 1841 ἀταλλαχθιὲνιιῡοιιτοτιιιει,
745 1787 775 1828 ut
793 1781 907 1844 videtur,
926 1782 991 1834 Cod.
1003 1783 1032 1832 C.
1048 1778 1128 1834 duci·

104 1847 245 1910 λαχθένιιτ
263 1846 331 1897 Cod.
351 1847 383 1896 Β.
403 1844 486 1908 δόμον
505 1848 594 1910 (δέμας
611 1865 665 1898 sec
684 1848 809 1910 m.)Cod.
827 1851 858 1900 B
879 1848 956 1912 δέμαε
974 1851 1040 1902 eod
1063 1852 1093 1902 C

103 2013 154 2067 δὸν
173 2017 260 2079 ἔμμεν
278 2026 305 2068 et
323 2023 385 2080 post
402 2014 593 2082 ἐναοαιολήοα·

102 2105 151 2148 μεν
165 2088 388 2151 interrogationis
402 2089 593 2152 signantem,

103 2157 160 2206 Sed
180 2165 270 2206 tamen
291 2171 356 2220 pecc
381 2157 431 2206 viri
457 2167 593 2221 praestan-

103 2228 201 2276 tissimi
235 2227 364 2291 profiteor
398 2226 462 2276 mibi
496 2242 529 2276 ne
556 2230 594 2277 sic

102 2297 214 2360 quidem
256 2309 359 2344 omnem
396 2296 593 2346 dubitationem

102 2373 255 2428 exemptam
272 2366 366 2427 videri,
380 2372 408 2412 ut
421 2366 454 2413 de
469 2366 591 2418 hocloco

102 2435 287 2497 ampliandum
306 2449 364 2484 esse
384 2436 516 2484 videatur.

140 2505 172 2552 V.
195 2501 255 2554 104.
294 2497 376 2552 οὐδ’
404 2499 590 2570 εἰώθαμεν]

102 2573 162 2622 Hae
181 2574 310 2630 adiuncta
323 2588 389 2622 voce
409 2573 524 2636 Pylades
542 2575 591 2624 boc

103 2643 292 2708 consequitur,
315 2650 357 2706 ut,
382 2644 462 2692 etism
486 2645 509 2694 si
533 2659 591 2694 sese

102 2719 224 2775 opponet
236 2713 368 2761 voluntati
382 2709 494 2773 Orestis,
502 2720 592 2763 tsmen

102 2783 161 2830 eius
200 2783 338 2844 ignaviam
377 2794 502 2831 accurare
537 2797 591 2833 non

102 2851 238 2913 videatur,
259 2865 340 2915 quom
351 2850 424 2899 illum
435 2867 490 2900 une
503 2867 592 2902 secum

101 2928 185 2984 negat
209 2919 261 2970 boc
292 2921 380 2969 iecere
409 2923 591 2986 consuevisse,

102 2997 134 3036 nt
154 2989 282 3053 periculis
302 2990 409 3039 obviem
427 2991 466 3038 ire
478 3005 531 3040 non
544 3007 591 3040 nn-

102 3059 194 3108 deant.

141 3130 169 3176 V.
190 3126 251 3179 105.
290 3123 425 3175 ιόντοΰ
449 3125 592 3176 tronti

101 3192 252 3260 χρησμὸν
287 3188 325 3244 οὐ
358 3196 590 3264 κακιστέον]

101 3265 351 3316 Kircbboiiins
374 3267 455 3315 milri
473 3281 528 3316 non
549 3283 591 3317 sn·

101 3338 137 3384 tis
164 3343 238 3385 recte
261 3333 287 3382 τὲ
310 3349 360 3399 pro
385 3332 413 3384 δέ
438 3338 591 3418 reposuisse

102 3405 212 3454 videtur
230 3404 283 3452 hoc
300 3403 370 3452 loco.
411 3404 492 3454 Lenis
519 3408 591 3454 enim

101 3475 235 3539 quaedam
248 3474 427 3558 oppositionis
439 3476 509 3524 ratio
522 3477 591 3524 inter

103 3540 214 3607 φεύγειν
238 3545 285 3603 μέν
304 3537 355 3592 οὐκ
374 3537 481 3594 ἇνεκιον
500 3552 526 3594 et
545 3543 592 3593 τὸν

102 3613 174 3661 θεοῦ
198 3609 315 3676 χρησμὸν
335 3606 369 3660 cri
398 3611 533 3662 κακιστέον
551 3615 590 3662 in-

103 3683 227 3743 tercedit,
238 3688 264 3730 et
274 3697 341 3746 quse
351 3690 499 3746 sequuntur
510 3684 592 3734 verbs

102 3752 172 3800 ναοῦ
191 3747 218 3800 δ’
238 3745 491 3813 ἆιιαλλαχθέντεκιέ.
508 3768 591 3816 oppo-

102 3829 202 3902 nnntnr
222 3836 277 3869 non
295 3823 382 3871 solum
400 3823 484 3885 priori
503 3824 593 3872 versui

103 3889 156 3953 μετ’
158 3905 213 3956 yser
225 3892 271 3951 μὲν
282 3890 340 3949 urs..
351 3906 439 3939 verum
450 3907 503 3941 nna
513 3891 601 3942 etiam'

100 3961 195 4010 alteri.
216 3955 263 4008 τὸν
277 3961 325 4008 τοῦ
319 3959 413 4008 ιθεοο
432 3959 459 4009 δὲ
478 3958 593 4042 χμηομόν

102 4025 136 4079 cri
148 4029 294 4079 κακιστέον.
305 4029 385 4088 Quod
395 4033 498 4079 sutem
492 4045 518 4079 rn
530 4046 593 4080 voce

103 4095 138 4148 ου’
161 4097 299 4148 κακιοιέαν
322 4101 483 4162 interpretes
510 4101 592 4150 offen-

100 4169 123 4218 si
144 4176 217 4226 sunt,
228 4170 282 4218 iam
298 4168 333 4221 A.
353 4167 528 4218 Seidlerns
545 4186 591 4233 op·

100 4241 194 4301 posuit
225 4232 259 4286 ori
279 4237 415 4286 κακιστέον
439 4253 498 4288 esse
523 4239 591 4288 fere·

99 4323 165 4357 non
206 4307 494 4370 contemnendum,
529 4324 592 4357 non

646 2022 848 2072 contumelia
897 2021 1127 2077 adiiciendum

646 2091 760 2140 estdei
781 2092 961 2145 oraculum.
985 2092 1128 2143 Contume-

646 2161 708 2208 liam
728 2161 797 2208 enim
817 2161 887 2222 iore,
906 2164 928 2211 si
948 2164 1057 2212 oraculo
1077 2162 1127 2211 dii-

644 2229 755 2278 fidentes
774 2229 905 2292 fugerent.
939 2231 975 2280 Et
993 2239 1064 2281 recte
1083 2233 1127 2281 ille

645 2299 760 2362 quidem.
795 2297 859 2349 Sine
879 2300 960 2350 dubio
980 2305 1050 2352 enim
1068 2317 1126 2350 mn·

644 2367 707 2416 ln'm
740 2371 911 2420 oraculum
943 2385 1014 2420 csse
1043 2372 1127 2421 indi-

644 2443 694 2486 cat
712 2443 744 2485 et
763 2439 936 2503 vituperet
953 2441 994 2502 is,
1021 2442 1127 2504 quiid

642 2507 850 2570 sequendum
869 2523 940 2559 esse
958 2518 1065 2592 negat

678 2577 711 2626 V.
731 2574 790 2628 108.
827 2577 907 2627 νεὼν
952 2573 1124 2645 ἄπωθεν]

641 2644 675 2694 In
693 2646 770 2694 nevis
796 2648 894 2698 vicinis
917 2649 986 2699 benc
1010 2650 1043 2699 ob
1064 2663 1126 2698 ceu·

643 2729 699 2763 sam
727 2719 827 2766 versari
857 2718 1009 2768 noluisss'
1002 2733 1060 2768 nnc
1088 2720 1127 2768 nit
1177 2717 1182 2722 '

643 2781 830 2847 Serninus,
856 2788 942 2850 quod,
967 2789 990 2836 si
1014 2803 1126 2852 conspe·

643 2860 686 2902 cte
711 2862 781 2903 esset
807 2857 866 2915 ille,
892 2855 1030 2918 probabile
1056 2865 1126 2910 esset

643 2923 747 2971 vicinos
766 2925 934 2986 potissimum
952 2927 1027 2976 locos
1040 2926 1125 2975 Thra·

642 3007 686 3040 cnr
706 2995 900 3056 perquisituros
924 2996 1005 3046 inisse
1024 2996 1058 3046 nd
1076 2995 1125 3044 ho-

643 3061 736 3124 spitus,
756 3078 801 3126 qur
794 3064 916 3114 advecti
935 3070 1033 3127 essent,
1051 3065 1125 3113 inve-

641 3130 763 3180 uiendos

678 3200 710 3248 V·
730 3199 789 3254 109
828 3199 1044 3264 βασιλεῦσιν]
1079 3201 1124 3248 eis

643 3270 789 3330 omnino,
826 3271 883 3334 qui
914 3272 947 3320 in
963 3269 1124 3332 imperio

643 3344 728 3386 sunt.

677 3407 709 3458 V.
731 3404 790 3459 110.
828 3399 920 3454 ὅταν
946 3403 981 3454 δέ
1008 3403 1125 3454 νυκτὸς

643 3471 1124 3541 ὅμμαίλυγαιάεμόλῃ]11.8ε1ι1-

643 3545 744 3607 ierus,
769 3545 811 3594 cni
838 3546 968 3595 adsensus
987 3554 1028 3595 est
1046 3548 1126 3598 etism

643 3614 676 3664 G
695 3615 915 3676 Hermnnnus,
942 3612 1010 3676 ὄμμα
1040 3617 1125 3664 lucem

640 3699 700 3734 esse
714 3686 818 3734 dixerat
836 3688 932 3748 noctis,
954 3699 1033 3750 qnam
1046 3701 1124 3750 quom

643 3769 696 3805 nox
709 3755 808 3804 nuliam
820 3755 936 3811 baberet,
955 3771 1013 3805 esse
1025 3756 1126 3805 nnllam

642 3825 736 3885 lucem,
757 3825 851 3886 idest,
871 3827 1002 3880 tepebrns.
1039 3823 1123 3883 Qnsm

643 3896 850 3956 explicationem
873 3910 925 3960 quo
949 3894 1056 3944 nomine
1078 3906 1125 3955 np-

644 3963 739 4024 pellem
772 3964 871 4013 nescio.
915 3960 982 4024 ὄμμα
1009 3964 1037 4010 in
1067 3961 1123 4010 eius

644 4033 715 4082 modi
734 4033 897 4096 locisplsnc
917 4039 957 4081 est
967 4031 1124 4079 Latinorum

644 4117 681 4150 os
701 4110 726 4152 et
739 4103 766 4150 el
756 4101 821 4150 llicit
839 4102 905 4149 nihil
917 4101 988 4150 alind
1002 4098 1054 4147 nisi
1067 4099 1124 4145 eius

644 4171 696 4231 rei,
722 4173 764 4220 eui
784 4171 858 4234 qussi
881 4181 1012 4233 personae
1030 4166 1124 4214 adiun-

644 4242 728 4308 gitur,
748 4241 962 4301 descriptionem
982 4235 1055 4283 utin
1074 4235 1125 4283 hoc

645 4310 703 4358 loco
722 4311 793 4358 etin
808 4307 964 4376 Aeschyli
978 4305 1051 4355 Pers.
1064 4303 1125 4356 426

824 4370 911 4448 3*
