2806 4782
297 327 557 399 reuredum
583 327 622 391 Η
649 327 715 392 EN
743 325 971 398 ΤΑΥΡΟΙΣ.

1083 343 1141 406 109

482 495 784 564 ΟΡΕΣΤΗΣ.

219 597 286 664 ποῦ
313 592 343 662 d'
373 582 439 661 ior'
472 599 598 676 ίιιιίνης
624 595 841 665 κατθανοῦσ’
871 593 941 679 ἥκοι
968 599 1090 684 ιιιίλινς

469 714 788 781 ΙΨΙΓΕΝΕΙΑ.

220 807 277 891 ἥδ’
310 809 354 894 ἣν
379 809 462 900 ὁρᾷς
488 813 547 879 σύ·
576 811 622 900 μὴ
651 812 765 896 λόγοις
793 819 952 896 ίκιιλησσί
976 842 1027 901 μι.

214 909 374 998 “κόμισαί
396 913 431 1001 μ’
454 921 487 992 ίς
506 911 643 1002 '‘Apyor,
668 903 693 979 ὦ
720 911 872 1001 σύναιμε,
899 919 1138 1000 reinducere,

107 1009 189 1086 ’775
216 1021 250 1080 ἐκ
276 1012 455 1102 βαρβάρου
481 1017 542 1100 γῆς
569 1017 625 1082 καί
652 1011 864 1100 μετάστησον
887 1019 980 1094 ,θεᾶς
1076 1031 1138 1095 760

215 1121 378 1205 σφαγίων,
405 1113 458 1207 ἐφ’
491 1113 555 1182 οἷσί
580 1115 788 1204 ξενοφόνους
815 1115 913 1202 τιμὰς
937 1116 1025 1205 ίχο.”

484 1233 767 1302 ΟΡΕΣΤΗΣ.

216 1329 370 1414 Πυλάδη,
399 1337 431 1400 τί
456 1333 553 1417 aceo,
578 1337 645 1401 σοῦ
673 1332 750 1403 ποτ’
781 1328 865 1401 ὄνθ’
898 1329 1095 1422 εὑρήμιθα,·
1135 1343 1138 1354 “
1213 1399 1219 1418 ,

457 1455 479 1518 Ι
488 1454 550 1520 (DI
558 1454 590 1518 Γ
598 1455 628 1518 Ε
635 1455 670 1520 Ν
677 1454 734 1520 ΕΙ
741 1456 785 1518 A.

187 1545 255 1632 ’“ἢ
280 1547 484 1636 οοῖςίίραία
512 1551 662 1640 δώμασιν
688 1551 882 1638 γενήσομαι,
968 1549 970 1556 ’

138 1698 144 1709 ,
208 1648 375 1737 -'optcu’,¹'
405 1653 448 1720 ἵν’
480 1645 588 1732 αὖθις
616 1651 727 1739 ὄνομα
754 1656 804 1732 δὶς
829 1650 938 1720 κλύων
964 1651 1094 1748 μα’θης.

183 1883 213 1933 V.
231 1881 291 1938 754.
327 1883 363 1950 τῷ
379 1877 550 1948 ’γαμὲμνονοε
567 1886 637 1936 libri.
674 1885 803 1936 Fortasse
827 1885 970 1949 scripserat
988 1885 1132 1952 Euripides
1201 1899 1204 1906 '

109 1954 147 2020 spi
167 1948 369 2019 Ἀγαμέμνονος,
384 1959 415 2002 ut
432 1957 665 2017 pronuntiatione,
684 1969 738 2004 non
758 1957 904 2019 scriptione
921 1957 1131 2006 contractionem

108 2037 206 2074 votum
226 2024 357 2072 declarari
373 2023 461 2071 vellet.
499 2025 564 2076 i'ide
583 2041 650 2090 quae
669 2026 784 2076 diximus
803 2026 837 2075 ud
857 2042 882 2080 r.
902 2023 963 2078 664.

183 2093 211 2143 V.
234 2089 293 2146 758.
329 2089 415 2153 λόγων
435 2089 619 2144 SeidIerus.

179 2161 210 2212 V.
227 2161 289 2218 761.
325 2157 493 2225 §eruperaet
511 2164 579 2215 Cod.
598 2164 626 2215 C.
647 2157 822 2226 ξενοκτόνονι
841 2159 907 2213 Cori.
928 2159 958 2214 B.

108 2345 184 2396 nullo
203 2345 284 2395 modo
308 2347 404 2396 mutari
428 2353 475 2396 aut
491 2346 591 2396 variari
643 2345 722 2396 etiam
741 2343 794 2394 hoc
812 2354 942 2410 appareat
950 2343 1054 2398 Orestis
1070 2361 1130 2398 ora·

107 2415 210 2479 possit,
229 2415 291 2464 dum
309 2416 389 2464 modo
407 2423 592 2480 argumentum
642 2417 709 2465 tioni
728 2429 833 2468 versum
857 2417 968 2466 reddere
992 2416 1129 2480 Iphigeni-

108 2486 197 2550 ipsum
222 2498 277 2534 non
303 2491 436 2535 mutetur·
475 2485 508 2535 ld
540 2485 591 2534 sibi
642 2500 699 2545 am,
718 2485 746 2533 in
770 2485 872 2548 reliqua
896 2487 1032 2544 oratione,
1057 2487 1128 2551 quod

108 2587 227 2636 voluisse
245 2568 390 2638 uitiata
408 2588 526 2655 videtur⁸
546 2589 591 2654 qui
643 2560 768 2628 ⁰9⁰P⁰¹⁸i
786 2555 886 2615 diffie,
907 2556 1044 2618 Ρθῐῦθθῐθ·

109 2658 213 2707 dixitin
228 2657 317 2719 priore
329 2658 447 2708 membro
460 2661 592 2722 σημαίνειν
678 2656 708 2710 V.
729 2655 788 2710 759.
816 2652 952 2717 κόμισαί
964 2651 996 2718 1μ’
1014 2654 1045 2715 ic
1065 2652 1127 2720 ”Ap-

109 2728 285 2776 deeiarare
303 2726 547 2791 (bezeichnen),
561 2730 589 2777 in
642 2739 699 2792 yos
718 2724 795 2791 ure]
814 2727 894 2776 Recte
912 2741 929 2776 a
946 2729 1128 2791 grammaticis

108 2798 194 2848 altero
224 2810 360 2847 narrare
391 2797 590 2862 (eradhien)

107 2866 262 2917 vertendum
273 2881 340 2915 ease.
375 2866 439 2916 Non
450 2873 491 2916 est
503 2875 590 2918 autem

107 2939 137 2987 in
156 2935 249 2993 verbo,
271 2936 318 2985 sed
342 2935 370 2984 iu
388 2935 475 2987 forma
492 2952 591 3002 prono·

106 3006 188 3056 minis
210 3005 269 3070 ipsa
294 3005 435 3056 discrimen
464 3021 591 3071 quaeren-

108 3077 179 3126 dum.

142 3175 247 3230 V.758.
266 3172 305 3240 μὴ
325 3172 442 3242 λόγοιν
459 3175 589 3239 ἔκπλησ-

108 3243 143 3295 σί
163 3247 214 3311 με]
247 3246 307 3296 Ηοο
325 3262 379 3297 non
397 3246 476 3310 piane
494 3247 532 3294 ita
551 3245 592 3294 di·

108 3317 189 3380 citur,
213 3321 243 3364 ut
265 3331 290 3368 r.
311 3315 372 3368 231.
397 3321 455 3364 erat
477 3315 591 3363 dictum:

108 3386 134 3434 sl
149 3379 175 3434 d’
191 3383 244 3434 ἔστι
263 3384 312 3433 τοῦ
330 3380 462 3449 παρόντος
480 3379 590 3445 ἐκπλῆσ-

108 3467 156 3503 σον
179 3450 279 3519 λόγον,·
301 3457 348 3505 eed
365 3454 478 3504 similem
502 3460 590 3502 tamen

107 3525 266 3574 seutentiam
298 3524 393 3585 habet,
430 3523 482 3572 nisi
518 3521 590 3584 quod

107 3609 154 3659 per
176 3594 288 3643 alteriue
311 3595 460 3644 orationem
484 3597 590 3654 pertur-

107 3664 179 3712 batio
199 3665 272 3722 eius,
294 3665 339 3728 qui
357 3663 487 3725 loquitur,
506 3661 589 3722 signi·

106 3733 199 3783 ficetur
216 3733 291 3792 fleri,
315 3733 390 3781 utin
408 3730 519 3794 Hippoi.
538 3727 589 3782 934

107 3815 147 3866 eq.
166 3803 209 3852 σοί
227 3799 277 3866 γὰρ
296 3797 476 3864 ίκιιλήσσοοοί
492 3814 522 3858 pr
533 3795 589 3849 Λό·

107 3887 149 3936 yos
159 3868 396 3934 παραλλάσσοντες,
410 3867 511 3932 ἔξεδροι
526 3883 589 3930 ppe-

58 3987 60 3991 ,
105 3941 166 3991 νῶν.
202 3941 279 3992 Dixit
302 3940 369 3991 haee
391 3938 533 4003 Iphigenia
550 3940 589 3987 in·

641 2799 798 2848 adnotatum
818 2802 859 2846 eet
877 2797 953 2860 quasi
973 2793 1055 2846 verbu
1072 2797 1128 2860 epi-

642 2869 728 2918 stolae
747 2880 811 2916 suae
829 2868 982 2915 memoriter
1000 2867 1067 2916 haec
1087 2880 1128 2914 re·

642 2939 724 2986 citare
751 2935 914 2999 iphigeniarn
942 2935 1032 2998 Argos
1060 2935 1129 2985 reie-

641 3006 762 3057 rendae
786 3005 885 3067 Pylade
904 3005 939 3054 ud
958 3004 1089 3056 Orestem.

677 3106 712 3155 V.
732 3104 792 3158 762.
812 3105 875 3154 ποῦ
894 3098 962 3152 ποτ’
982 3098 1058 3153 ὄνθ’
1077 3100 1126 3154 eri·

641 3172 784 3238 οήμεθα]
799 3173 840 3222 De
860 3173 933 3222 duali
952 3186 1010 3221 eum
1029 3173 1127 3235 plurali

639 3246 730 3293 iuncto
756 3243 826 3290 coni.
848 3242 1127 3304 Aristophanis

641 3313 712 3362 Piut.
731 3310 791 3364 447.
825 3308 850 3358 σί
865 3307 912 3359 τὸν
930 3306 999 3357 θεον
1013 3306 1127 3374 Ἑοημον

641 3377 800 3432 ἀπολιπόντε
826 3392 871 3428 ποι
899 3374 1079 3441 φευξούμεθα.
1100 3388 1127 3430 et
1197 3381 1207 3391 “

641 3451 730 3502 Rost.
743 3464 782 3513 gr.
797 3447 844 3500 Gr.
855 3447 878 3512 ξ.
891 3447 951 3500 100.
963 3447 987 3498 4.
996 3464 1019 3497 e.
1028 3463 1053 3513 p.
1065 3448 1125 3506 475.

677 3521 708 3572 V.
729 3517 788 3572 763·
819 3513 927 3582 ἦοοῖν
946 3511 1125 3585 ἆροίαιιτὲ.]

640 3589 701 3638 Ηοο
726 3589 787 3638 ioco
810 3587 954 3652 Iphigenia
977 3603 1032 3638 non
1057 3591 1126 3653 pati·

639 3665 683 3708 tur
702 3672 730 3708 se
749 3657 914 3719 interpellari
929 3655 1033 3710 Orestis
1051 3675 1126 3720 voce,

640 3730 688 3779 sed
724 3729 890 3778 continenter
924 3731 1012 3792 pergit
1042 3728 1125 3793 loqui.

640 3799 682 3849 De
701 3798 783 3852 verbo
802 3790 880 3860 α’ραία
894 3797 965 3848 coni.
979 3798 1052 3848 Med.
1066 3797 1126 3850 608.

641 3869 683 3918 καί
702 3873 759 3917 σοῖο
777 3861 856 3935 ἀραία
874 3861 897 3931 γ’
917 3858 986 3917 οὖσα
1009 3863 1125 3930 ινγχιίνσι

641 3936 742 4000 δόμοιο.

105 4013 244 4076 terpeHata
273 4011 307 4062 ab
335 4008 439 4070 Oreste,
465 4009 591 4071 deinceps
675 4008 709 4056 V.
728 4005 787 4061 764.
824 3998 868 4054 ἵν’
892 3995 995 4054 αὖθις
1021 3997 1125 4082 ὄνομα

104 4083 206 4146 pergit,
239 4081 307 4132 nihii
339 4081 419 4130 etiam
452 4079 590 4142 suspicans
641 4074 692 4126 dis
716 4074 819 4126 κλύον
841 4071 962 4137 perpe]
982 4071 1042 4120 Hoc
1060 4069 1126 4118 droit

104 4152 213 4202 fratrem
238 4149 359 4201 Orestem
384 4149 493 4209 adesse,
515 4163 590 4197 man·
640 4147 784 4210 Iphigenia
802 4145 936 4210 Pyiadae,
958 4154 1012 4192 non
1037 4144 1067 4187 ut
1090 4137 1125 4188 ad

104 4222 165 4272 data
196 4235 245 4271 sua
270 4220 391 4286 Pyiadae
415 4218 535 4278 tradere,
561 4223 591 4265 ut
641 4215 762 4268 Orestem
792 4211 944 4272 referenda,
972 4209 1020 4260 sed
1049 4213 1126 4266 extra
