2806 4782
8 719 12 866 l

8 893 14 1076 l

291 351 553 418 ΙΦΙΓΕΝΕΙΑ
579 357 622 420 Η
643 357 710 422 ΕΝ
736 361 798 424 TA
809 363 959 428 ‘rrum
1091 361 1132 422 47

209 519 313 582 ἔνθεν
340 521 407 582 τῶν
434 519 590 602 πρόσθεν
617 527 820 607 δμαθέντων

109 612 180 688 200
215 620 431 684 Τανταλιδᾶν
456 623 600 703 ἐκβαίνει
626 624 728 690 ποινά
757 627 787 711 y'

209 724 254 794 εἰς
281 719 412 795 οἴκους·
442 720 577 790 σπεύδει
603 722 633 792 δ’
663 725 877 796 ἀσπούδαστ’

162 861 165 870 -
209 823 260 882 inl
288 824 340 885 ool
367 823 505 904 δαίμων.

208 918 241 998 ἐξ
260 915 369 1006 ἀρχᾶς
395 948 453 1004 μοι
482 927 669 1009 δνςδαίμων

209 1023 337 1104 δαίμων
364 1025 425 1100 ταῖς
450 1022 579 1112 ματρὸς
605 1024 712 1107 ζώνας

176 1285 209 1333 V.
230 1284 289 1338 190.
326 1283 355 1335 τ’
375 1285 477 1338 addidit
499 1289 679 1343 liarneeina
698 1294 722 1344 in
742 1294 815 1344 libris
834 1298 972 1351 omissum.
1050 1304 1052 1312 ’

178 1353 290 1421 2.,192.
328 1355 437 1420 notrap'
459 1358 663 1426 Hartungine
684 1371 710 1413 et
730 1363 928 1416 Badhanrua.

175 1424 208 1472 v.
228 1423 288 1476 193.
326 1424 357 1478 ἐς
376 1425 495 1480 Aldus.
513 1429 550 1488 eie
570 1430 636 1482 Cod.
648 1432 676 1482 C.
697 1438 732 1496 et,
752 1442 780 1482 ut
794 1434 905 1499 videtur,
924 1438 1003 1492 etiam
1017 1441 1082 1496 Cod.
1099 1443 1129 1494 B.

177 1493 206 1544 V.
226 1493 286 1547 195.
322 1491 431 1560 δξσρχιῖς
450 1495 518 1548 (lod.
539 1498 571 1548 B.

106 1727 191 1784 paret,
212 1737 289 1786 quern
309 1725 359 1776 tem
381 1726 441 1778 inde
460 1743 475 1779 a
495 1729 592 1784 τ.166.

105 1793 288 1854 appellaverat
324 1805 456 1849 mortuum
494 1805 521 1848 et
558 1800 591 1848 ad

105 1875 184 1922 quern
206 1863 284 1913 etiarn
305 1863 329 1912 in
349 1865 398 1916 fine
413 1869 535 1918 carminis
549 1884 589 1917 re·

106 1929 145 1977 dit
164 1929 316 1996 Iphigeniae
328 1937 417 1986 oratio
431 1953 454 1986 v.
469 1935 520 1988 222
532 1953 589 2000 sutt-

106 1997 215 2048 σπεύδει
241 1995 268 2049 δ’
296 2001 474 2055 α’σαούδασια
499 2015 588 2055 eutem

8 2117 9 2128 ,
106 2083 136 2116 ea
156 2069 284 2119 orationis
296 2069 379 2120 lornra
395 2075 502 2136 dicitur,
521 2089 589 2138 quae

8 2143 9 2198 ἶ
105 2136 228 2188 Graecae
258 2141 411 2203 tragoediae
444 2151 485 2194 eat
507 2147 588 2194 uaita-

105 2206 225 2268 tiaaime,
253 2215 281 2257 ut
302 2209 381 2259 verbo
400 2213 470 2263 aliud
491 2213 525 2263 ab
546 2229 589 2264 ea·

105 2273 166 2326 dem
187 2275 276 2328 rudice
299 2277 407 2332 ductum
439 2283 475 2332 ita
499 2282 587 2332 adiun-

104 2351 198 2408 gatur,
226 2351 256 2395 ut
280 2361 312 2396 ea
335 2349 375 2397 vie
403 2365 473 2414 qnae
491 2353 516 2400 in
537 2365 588 2401 uno

105 2415 187 2463 verbo
213 2419 253 2464 eat
280 2431 326 2479 per
344 2419 457 2472 alterum
479 2421 587 2471 verbum

105 2481 269 2547 significetur
288 2499 338 2534 non
359 2495 431 2538 recte
453 2505 589 2540 trunceese

8 2603 9 2618 ἶ
105 2551 205 2602 hebere
233 2559 260 2602 et
296 2569 434 2620 perperam
467 2559 492 2607 id
511 2557 587 2620 llieri,

104 2619 176 2683 quod
196 2621 249 2670 fret.
286 2622 315 2673 ld
336 2641 416 2690 aeepe
431 2626 528 2678 facturn
549 2634 590 2677 eat

8 2695 9 2752 j
105 2691 130 2738 in
152 2691 239 2740 vernn
259 2707 307 2756 per
324 2689 344 2740 α’
361 2696 519 2758 privativum
540 2699 588 2748 ali·

105 2773 193 2809 oranrn
221 2759 369 2823 depressis,
395 2771 424 2814 ut
448 2763 488 2815 hic
515 2773 541 2817 et
565 2767 589 2817 iu

107 2827 217 2879 Bacchis
229 2828 289 2883 906.
310 2831 334 2880 in
353 2831 466 2884 formula
485 2833 589 2884 διποδ-

8 2927 9 2932 =
104 2897 189 2947 διιστα
203 2897 326 2949 σπεύδειν
346 2899 512 2954 festinare
531 2903 586 2965 lbl,

104 2967 158 3017 ubi
187 2965 473 3023 festinatione
502 2971 586 3023 nihil

8 3033 10 3096 ζ
104 3050 189 3099 opua
209 3045 262 3087 eat
281 3037 360 3089 etin
382 3043 494 3091 ntalem
516 3057 586 3108 par-

105 3112 167 3156 tern
188 3112 319 3170 verget,
339 3123 420 3172 caepe
439 3113 517 3161 etiam
538 3111 588 3162 boc

103 3173 204 3256 [ustum
237 3183 278 3226 est
308 3179 458 3242 praeposita
489 3181 587 3245 syllaba

104 3263 166 3318 doc,
193 3275 260 3323 quae
286 3260 356 3326 quod
381 3266 417 3314 eit
436 3271 481 3314 aut
499 3265 545 3316 fiat
562 3269 587 3315 in

103 3329 199 3380 melam
224 3339 326 3394 partem
349 3338 428 3398 atque
451 3334 589 3400 infeliciter

104 3406 185 3462 atque
204 3399 316 3449 infauste
329 3416 389 3452 esse
408 3409 454 3452 ent
473 3404 529 3454 lieri
550 3405 586 3453 in·

104 3467 186 3528 dicat,
206 3469 287 3518 veluti
307 3473 394 3533 paullo
415 3480 511 3522 anter.
524 3471 586 3526 143.

104 3537 200 3587 dicitur
211 3537 406 3604 δυςδρηνήτοις
420 3537 454 3597 cde
474 3541 587 3603 θρήνοις

100 3603 244 3671 Ἕγκειμαι.
276 3614 303 3659 el
332 3623 393 3659 mox
421 3621 444 3662 v.
473 3611 532 3664 195.
561 3611 587 3663 ll

103 3674 190 3742 ἀρχᾶς
219 3693 268 3740 μοι
298 3676 445 3742 διιςδαδμων
479 3679 587 3743 Accipiter

104 3749 152 3799 τᾶς
179 3743 285 3808 ματρδς
318 3742 398 3805 ζώνας
425 3749 467 3794 uni
496 3747 587 3804 νυκτὸς

103 3813 209 3870 ἐκείνας.
225 3821 247 3862 et
265 3813 391 3882 deinceps
409 3831 431 3865 r.
444 3817 503 3871 208.
522 3817 588 3882 ιδμ-

104 3897 170 3945 φαν,
215 3887 305 3948 οἶμαι,
347 3883 500 3952 δύςννιιφον
538 3889 587 3940 uzi.

103 3949 273 4016 Omninoque
285 3951 335 4004 boc
352 3955 460 4018 lugubre
473 3971 588 4017 carmen,

103 4019 128 4069 iu
160 4035 213 4084 quo
243 4021 377 4087 lphigenie
405 4025 476 4074 luctu
506 4033 588 4090 atque

103 4091 220 4153 querelis
239 4092 400 4156 summisque
414 4093 492 4144 animi
512 4089 588 4144 doto:

103 4159 178 4209 ribus
199 4174 282 4224 paene
298 4161 417 4224 solvitur,
430 4163 529 4216 crebris
540 4164 588 4214 ad·

105 4229 315 4282 litterationibnr
356 4233 500 4284 coloratum
538 4241 588 4296 eet,

649 1705 719 1768 qnod
738 1707 822 1770 ipsum
837 1724 851 1760 a
867 1710 944 1760 bonis
963 1716 1047 1775 poeti·
1066 1731 1130 1768 nun·

649 1791 727 1838 quam
744 1777 799 1825 eine
818 1778 914 1830 idonea
933 1795 1011 1830 ceuaa
1032 1785 1128 1838 iactum

649 1860 711 1895 eene
729 1845 938 1898 urrimadrertant
957 1853 1065 1902 tirouea.

686 1913 715 1962 V.
735 1914 795 1966 196·
836 1917 961 1981 δαίμων
987 1924 1046 1979 τᾶς
1071 1941 1129 1986 μα·

648 1981 1129 2048 τρδςζώναςιιαὶνυιιτδςιιιί-

647 2051 718 2114 νας]
749 2053 817 2103 Dicit
840 2054 976 2120 Iphigenia
1006 2059 1044 2108 ab
1070 2061 1129 2110 iui-

647 2120 695 2168 tio
725 2121 802 2173 ind-e
825 2125 863 2172 ab
898 2139 980 2176 zoua
1011 2132 1129 2179 matria
1171 2128 1175 2146 ‘

649 2189 784 2253 prinlum
816 2193 926 2242 aolnte
958 2202 991 2246 et
1015 2197 1128 2248 iudea

648 2264 752 2309 nocte
788 2261 863 2322 illa,
892 2277 951 2324 qna
986 2267 1127 2330 primurn

649 2341 715 2376 cum
760 2331 906 2379 marito
945 2336 1129 2387 concubuit

647 2394 939 2464 Clytaemnestra,
973 2403 1039 2454 eibi
1074 2407 1128 2456 mi·

648 2479 754 2515 cerani
795 2474 922 2520 cortem
961 2474 1128 2528 eveniaae.
1193 2524 1195 2526 .

647 2533 686 2582 De
717 2549 783 2584 zoua
817 2538 919 2599 soluta,
946 2555 996 2603 qua
1020 2545 1128 2607 nuptiae

645 2603 801 2667 indicantur,
819 2604 864 2654 δἐι
883 2611 897 2656 δ
918 2608 1033 2674 νύμφαις
1054 2615 1127 2662 liuor

646 2671 695 2733 τὴν
719 2671 795 2737 ζώνην
822 2679 872 2738 τῆς
900 2674 1004 2742 νύμφης
1028 2683 1127 2733 collato

648 2739 836 2798 Plutarcho
856 2744 970 2811 Lycurg.
990 2749 1032 2800 15.
1053 2758 1128 2802 recte

646 2809 712 2860 dixit
731 2810 930 2864 Schoeniua.
969 2816 1037 2866 lluic
1066 2823 1127 2870 een*—

645 2879 746 2928 tentiae
782 2885 946 2944 respondent
984 2892 1039 2934 tum
1073 2890 1127 2951 iila,

645 2963 713 3010 quae
737 2949 786 2999 iarn
808 2959 967 3015 sequnntur:
998 2957 1024 3010 tt
1043 2954 1127 3024 ἀρχᾶς

645 3019 738 3078 λοχίαν
757 3019 866 3086 creddaiv
880 3021 1000 3071 παιδείαν
1009 3051 1040 3062 —
1052 3031 1126 3086 θεαί,

646 3101 716 3149 pirae
754 3091 834 3138 verba
869 3091 907 3140 aic
943 3091 1126 3157 distinguenda

646 3171 721 3218 eane,
749 3166 780 3206 nt
798 3161 831 3208 ab
849 3159 1069 3210 antecedentibua
1086 3177 1126 3212 re·

646 3223 790 3288 tralrantnr,
810 3228 861 3278 iam
883 3229 1010 3280 docemur
1029 3245 1125 3295 epana-

645 3292 743 3358 phora,
773 3311 822 3359 qna
854 3297 887 3346 de
916 3311 946 3346 ro
975 3298 1034 3351 vide
1058 3315 1126 3363 quae

646 3376 728 3426 nuper
752 3365 805 3414 dixi
826 3364 851 3413 in
872 3365 1125 3419 Emendationi-

644 3431 714 3480 bna
744 3431 1006 3494 Catulliani·
1038 3438 1126 3501 (lcipr.

644 3498 839 3554 Muccctnx.
871 3504 970 3569 editis)
996 3521 1021 3571 p.
1047 3509 1124 3572 1111,

645 3584 727 3633 eaque
745 3571 822 3620 beno
837 3570 932 3623 habent
950 3582 1124 3631 aenteutiem:

645 3637 825 3690 ab'initio
848 3641 960 3693 duram
996 3654 1028 3696 et
1064 3650 1125 3698 iam

644 3706 718 3770 ipro
749 3716 846 3774 partu
870 3711 960 3777 (mihi)
988 3716 1125 3782 imponi·
1183 3759 1186 3766 .

646 3782 708 3826 tum
727 3803 760 3814 -—
782 3794 864 3843 ireque
879 3784 947 3832 enirn
960 3787 1038 3836 ullam
1059 3801 1124 3838 cau·

647 3861 701 3895 eam
727 3847 803 3898 video
825 3853 993 3914 paramobrem
1012 3871 1059 3920 pro
1083 3856 1125 3903 lo-

645 3917 731 3977 χείαν,
754 3917 824 3980 qnod
849 3927 962 3972 metrum
988 3939 1038 3974 non
1063 3923 1124 3982 fert,

647 3985 734 4046 pollue
753 3985 855 4050 λόχιαι,
875 3997 903 4038 ut.
923 3992 948 4041 ld
968 3994 1000 4041 ad
1023 3994 1126 4053 Μοῖραι

645 4053 782 4117 pertineat,
804 4069 880 4121 quant
901 4058 991 4121 λοχίαν
1008 4060 1125 4109 scriben-

646 4121 708 4172 dum
736 4140 797 4174 erae
829 4125 949 4178 videatur
971 4157 1004 4166 -
1027 4127 1125 4176 dirci-

647 4193 768 4256 plinena
797 4195 924 4247 Parcae
949 4196 1126 4269 intendant

646 4259 737 4315 deae.
