2786 4776
225 401 230 410 .
270 341 330 405 154
609 342 932 408 ΕΥΡΙΠΙΔΟΥ

367 508 499 602 φεύγετ’
531 506 785 594 1ξ1στασθι,μη’
814 533 862 595 τῳ
882 514 1048 602 προσπέσῃ
1074 508 1182 592 μύσος
1206 506 1297 576 τόόε.

271 611 367 687 ¹230
395 603 420 680 ὦ
446 607 525 688 Διὸς
550 614 690 692 Λητοῦς
718 606 746 676 r'
776 605 910 677 ἄνασσα
936 608 1100 697 παρθέν’,
1126 607 1169 691 ἣν
1203 614 1298 695 νίψω

824 707 937 800 φόνον
1210 706 1297 770 1200

367 815 471 881 τῶνδε
497 815 552 878 καὶ
577 810 740 896 θύσωμεν
767 800 807 878 οὗ
833 811 916 897 wi·
953 807 1116 899 καθαρόν
1150 809 1300 893 οἰκήσεις

827 911 945 996 δόμον,
962 935 979 956 ··

371 1013 518 1100 εὐτυχεῖς
535 1008 565 1078 δ’
599 1008 691 1096 ἡμεῖς
708 1010 872 1095 loripede.
899 1003 1008 1080 τᾶλλα
1029 1009 1058 1078 ‹l’
1090 1008 1131 1078 οὐ
1148 1010 1301 1095 strove,

826 1139 917 1198 ομως

369 1225 441 1290 τοῖς
466 1208 508 1278 τό
547 1211 671 1280 πλείον’
711 1212 834 1280 εἰδόσιν
862 1218 962 1292 θοοῖς
986 1216 1042 1280 ool
1069 1237 1103 1281 tt
1130 1217 1300 1297 σημαίνω,

827 1315 909 1380 θεον.

339 1511 372 1559 V.
390 1509 468 1562 1202.
497 1507 615 1573 ἐσόμεθα
627 1511 845 1562 Marklandut
865 1519 891 1562 et
909 1512 960 1562 hoc
979 1513 1086 1560 videtur
1104 1525 1162 1560 esee
1181 1512 1212 1561 iu
1227 1510 1298 1560 Cod.

270 1580 302 1635 B.
322 1577 458 1642 ἐσόμεσθα
476 1579 543 1630 Cod.
564 1580 592 1632 t'.
612 1596 665 1630 sec.
685 1596 778 1646 apogr.
798 1583 899 1632 Parias.
918 1591 944 1632 et
962 1583 1080 1635 Aldus.

340 1651 372 1699 V.
392 1647 470 1703 1203.
506 1649 560 1716 θεᾷ
577 1649 644 1700 Coti.
665 1649 696 1702 lt.

341 1720 374 1769 V.
394 1717 576 1774 tuot-1253.
599 1721 720 1784 sequitur
739 1720 792 1772 iam
818 1735 923 1771 carmen
947 1720 1084 1780 melicum,
1108 1717 1208 1773 multis,
1228 1716 1299 1765 locis

270 1789 340 1841 malo
358 1789 478 1840 habitum
497 1790 523 1839 iu
542 1791 633 1852 libris,
658 1796 686 1838 ut
710 1794 790 1840 etium
809 1793 836 1839 in
855 1790 907 1839 hoo
929 1789 990 1838 loco
1009 1795 1121 1852 propter
1143 1788 1300 1850 scripturae

270 1859 472 1923 ambiguitatem
491 1866 602 1909 metrum
624 1859 670 1907 vix
689 1861 755 1912 satie
780 1867 852 1910 certo
872 1860 984 1909 describi
1004 1860 1105 1922 possit,
1131 1857 1204 1921 quod
1231 1856 1298 1905 olim
1380 1894 1381 1916 ¹

272 1930 376 1979 ridetur
395 1929 477 1980 luisse
496 1929 605 1980 huiusce
625 1929 711 1978 modii

271 2851 377 2914 nuptias
403 2847 500 2898 facturi
525 2849 592 2913 siut,
622 2850 755 2913 προτέλεια
809 2848 838 2902 ιὰ
858 2848 941 2900 πάντα
960 2851 1097 2913 dixerunt,
1122 2848 1296 2899 vehementer

272 2916 361 2984 νόμον
386 2917 492 2968 Dianae
518 2917 577 2968 fieri
604 2921 686 2971 velint
710 2930 756 2971 aut
807 2921 943 2974 falluntur.
980 2921 1040 2968 Vim
1071 2934 1103 2968 ac
1131 2924 1297 2983 potestatem

271 2996 349 3054 partu
367 2988 530 3038 laborantes.
806 2992 913 3041 articuli
938 3005 996 3038 cum
1021 2990 1204 3052 comparativo
1231 3003 1296 3036 con·

307 3059 339 3108 V.
356 3058 434 3112 1199.
471 3053 488 3122 ἢ
512 3053 626 3108 τόκοιο
657 3057 754 3124 βαρύ·
807 3062 891 3114 iuncti
914 3059 1049 3108 chius
1073 3067 1143 3106 recte
1167 3057 1297 3120 exposuit

271 3127 375 3194 ννιαι]
406 3127 452 3178 Sic
476 3127 702 3179 Callimachus
728 3130 754 3179 h.
807 3132 839 3180 ad
866 3129 1045 3192 Sophoclis
1070 3128 1162 3190 Antig.
1182 3123 1244 3178 313.
1268 3141 1295 3190 p.

270 3202 299 3249 iu
318 3199 378 3251 Del.
397 3198 458 3251 202.
498 3193 605 3262 τλήμον’
624 3192 672 3246 ὑπ’
696 3191 754 3247 olol-
808 3199 868 3252 148.
888 3198 967 3249 Conf.
987 3212 1033 3260 ec,
1060 3211 1127 3260 quae
1151 3210 1237 3258 nuper
1260 3196 1297 3243 ad

174 3283 186 3306 ·
271 3283 343 3318 νισσι
372 3267 557 3332 βαρυνομένην
589 3263 703 3332 όρόωσα,
731 3276 758 3317 ct
808 3267 895 3321 Orest.
914 3267 965 3319 202
985 3283 1025 3330 sq.
1049 3265 1179 3316 adnotavi
1201 3280 1227 3328 p.
1250 3263 1297 3317 54.

270 3338 384 3388 Theoor.
403 3340 478 3402 idyll.
497 3336 581 3390 XVll.
601 3337 643 3390 61.
678 3331 756 3386 Ἂνιι·
843 3339 874 3386 V.
887 3336 954 3390 1204
963 3351 1022 3401 sqq.
1042 3336 1161 3400 sequitur
1177 3347 1297 3394 carmen,

265 3405 353 3471 -γόναε
370 3407 492 3473 θυγάτηρ
510 3405 679 3472 βαβαρημένα
697 3401 756 3456 elot-
807 3409 882 3456 cuiua
901 3413 1096 3470 argumentum,
1111 3403 1184 3468 quod
1195 3403 1229 3452 ab
1244 3402 1297 3451 hac

271 3489 368 3524 νοσσιν,
807 3477 906 3538 fabula,
925 3479 952 3525 ln
972 3490 1026 3540 qua
1046 3474 1137 3524 culnia
1156 3471 1296 3537 Apollinis

305 3543 339 3590 V.
359 3544 436 3596 1201.
473 3546 523 3592 nul
544 3541 700 3606 θόσοιμον
719 3533 757 3594 οό
806 3547 967 3595 auctoritate
985 3544 1042 3594 fieri
1062 3545 1196 3603 dicuntur,
1215 3542 1296 3590 mini·

271 3608 345 3674 χρὴ]
384 3612 443 3660 Hoc
469 3614 637 3664 referendum
672 3615 756 3664 videri
807 3631 849 3664 me
867 3616 981 3664 alienum
1000 3615 1058 3662 iure
1082 3614 1187 3664 censuit
1203 3608 1296 3660 Seid-

271 3685 360 3745 potest
383 3682 417 3728 ad
441 3682 528 3730 locum
547 3685 574 3731 in
599 3684 698 3746 templo
716 3685 756 3734 lu·
806 3685 905 3746 lorus,
915 3686 949 3734 ab
963 3685 1055 3733 eodem
1064 3685 1124 3733 viro
1134 3678 1173 3731 eie
1182 3681 1239 3728 iere
1248 3681 1295 3728 de-

271 3755 370 3810 strato,
406 3749 466 3811 ipsa
494 3757 582 3800 autem
611 3753 693 3802 refert
722 3753 756 3803 ad
807 3757 935 3818 scriptum
966 3759 1019 3803 eet:
1050 3752 1181 3813 „Latona
1218 3749 1295 3798 brevi

271 3817 420 3877 Graeciam,
439 3833 492 3882 quo
506 3821 611 3882 siguum
628 3823 757 3872 aufertur.
807 3831 928 3888 tempore
943 3828 1004 3887 post
1020 3827 1126 3885 parturn
1139 3818 1296 3882 Apollinem

306 3887 341 3937 V.
362 3885 439 3939 1203.
477 3893 544 3936 τοῖς
572 3887 607 3937 ιὰ
632 3885 756 3938 πλείον’
807 3907 866 3942 cum
885 3893 975 3944 Diana
993 3892 1025 3942 ab
1052 3891 1141 3940 insula
1164 3887 1235 3937 Delo
1259 3887 1296 3936 ad

271 3954 400 4008 εἰδόσιν
425 3955 539 4021 θεοῖν]
567 3958 595 4006 id
619 3965 672 4021 est,
697 3959 757 4023 dis,
807 3970 922 4012 montem
951 3962 1114 4011 Parnassum
1148 3958 1295 4020 transtulit,

272 4029 327 4093 qni
358 4028 455 4092 9¹¹¹?ss
480 4026 555 4087 5¹¹⁸,
585 4041 668 4091 quae
694 4043 756 4092 ego
807 4033 852 4081 nbi
867 4032 986 4094 Themis,
1000 4031 1102 4080 Terrae
1116 4028 1182 4088 liliaJ
1199 4039 1296 4075 oracu-

270 4098 441 4159 uoudico,
463 4096 576 4145 sciunt
599 4097 672 4160 ipsi.
712 4098 758 4147 Illi
808 4102 863 4151 lum
880 4097 1296 4152 habebatsbimmanidraoone

270 4174 360 4218 autem
379 4166 556 4231 grammatici,
578 4167 623 4229 qui
642 4164 672 4215 ιίι
690 4167 757 4217 πλεί-
809 4172 980 4222 oustodltum.
999 4169 1078 4218 Hunc
1096 4169 1240 4218 draconem
1254 4166 1296 4214 iu-

272 4251 323 4317 ονα
352 4237 480 4288 accedere
504 4235 700 4300 significatione
722 4238 758 4290 ad
809 4241 869 4293 laus
887 4241 975 4292 adhuc
993 4239 1094 4305 Apollo
1114 4251 1195 4302 quum
1213 4236 1295 4286 inter-

1346 873 1377 1084 l
