2784 4776
206 1479 211 1482 ’
312 1563 314 1570 ’
396 1492 841 1674 raooahma

108 1877 166 1993 lle
207 1929 308 1996 caede
345 1929 540 2020 Iphigeniae
577 1934 617 2000 ab
655 1934 904 2020 Agamemnone
940 1942 1129 2018 perpetrata

108 2014 277 2082 Homerus
298 2017 432 2100 quidem
454 2019 535 2084 nihil
557 2021 668 2102 refert,
693 2018 749 2102 qui
773 2020 906 2084 omnino
921 2017 1126 2105 Iphigeniae,
1198 2067 1204 2075 -

24 2116 29 2125 “
108 2121 208 2182 quam
237 2101 466 2189 Iphianassam
497 2105 673 2190 appellati
701 2128 735 2170 se
760 2104 808 2186 ¹⁸),
842 2104 1040 2170 mentionem
1061 2128 1128 2170 non

108 2185 188 2250 lacit
222 2187 285 2252 nisi
318 2185 448 2256 duobus
477 2189 580 2273 locis,
610 2190 671 2254 Ilia
737 2189 801 2254 lX.
837 2193 907 2256 145.
936 2189 1015 2254 ibid.
1042 2194 1126 2274 287„

19 2309 22 2332 ,ι
109 2271 184 2336 vide
205 2295 354 2421 prooem.
385 2275 450 2340 lah.
476 2275 587 2342 Orest.
611 2299 643 2362 p.
669 2279 697 2338 t.
722 2274 773 2340 ed.
798 2286 900 2342 nostr.
947 2276 1048 2356 Plura
1070 2299 1127 2342 au·

107 2366 173 2422 tem
229 2381 246 2422 e
279 2359 503 2426 immolatione
537 2361 730 2448 Iphigeniae
769 2360 851 2426 alios
882 2363 997 2446 poetas
1026 2385 1127 2448 quma

109 2443 273 2530 cyclicas,
312 2447 368 2530 qui
402 2469 451 2529 ea,
488 2471 571 2531 quae
603 2457 681 2532 post
710 2447 842 2512 Troiam
873 2456 1002 2532 captam
1032 2458 1128 2534 gesta

108 2539 239 2612 essent,
272 2528 518 2617 descripserunt
548 2543 581 2598 et
609 2533 748 2598 maxime
778 2532 910 2617 quidem
938 2532 971 2596 in
995 2529 1127 2619 Cypriis

108 2614 321 2698 carminibus,
343 2617 378 2684 id
401 2617 492 2702 quod
515 2628 656 2684 testatur
671 2617 944 2684 Scholiastes
968 2618 1126 2703 Sopho·

109 2701 190 2766 elis
215 2700 257 2767 ad
281 2701 403 2770 Electr.
430 2707 512 2786 154.
536 2714 605 2770 tum
628 2703 778 2787 melicos„
797 2712 835 2768 ut
856 2703 1070 2768 Xanthum
1093 2713 1128 2770 et

19 2825 20 2828 =
109 2786 424 2871 Stesichorum,
469 2789 525 2873 qui
556 2789 689 2875 quidem
721 2789 915 2870 Ὀρέστειαν
950 2811 1043 2854 suam
1081 2791 1127 2854 ita

109 2871 299 2938 condidisse
329 2871 496 2958 traditur,¹
518 2883 553 2940 ut
583 2875 712 2940 Xanthi
735 2897 867 2940 carmen
890 2873 997 2938 simile
1019 2874 1126 2938 imita·
1227 2889 1236 2898 “

107 2968 216 3042 retur,
240 2958 317 3024 vide
340 2960 562 3026 Athenaei
584 2961 640 3028 lib.
664 2960 748 3026 XII.
773 2985 803 3046 p.
829 2963 900 3026 513.
926 2961 980 3043 A„
1004 2981 1125 3026 memo·

110 3131 304 3142 nnn—..tvmt—

157 3255 169 3284 ,
774 3252 779 3264 .
844 3253 850 3264 .
1098 3248 1104 3261 .

172 3252 183 3318 l
209 3249 1126 3390 ittalttttttt‘t?t.tttttttttltatlttttl

212 3391 271 3440 dem
291 3406 350 3442 esse
370 3407 446 3455 quam
467 3392 634 3456 Iphigeniam
649 3392 768 3454 plerique
779 3391 958 3450 crediderant,
978 3388 1038 3436 vide
1057 3401 1126 3450 quae

213 3462 309 3524 scripsi
333 3462 365 3510 ad
389 3475 508 3526 prooem.
533 3461 585 3510 lab.
609 3457 696 3512 Orest.
717 3475 743 3524 p.
765 3457 802 3520 7.,
821 3459 957 3508 Laodicen
981 3471 1044 3506 vero
1063 3471 1125 3506 ean·

213 3531 272 3579 dem
295 3545 373 3595 qoam
391 3533 525 3582 Electram
545 3527 693 3593 Sophocles
711 3529 842 3594 appellen
864 3529 893 3578 ln
916 3527 1021 3592 Cypriis
1039 3535 1126 3575 tamen

212 3600 383 3664 carminibus,
403 3615 483 3665 qaum
502 3606 629 3663 quattuor
642 3599 823 3648 tribuerentur
834 3599 905 3648 filine
924 3596 1126 3661 Agamemnoni,

210 3669 416 3733 Iphianassa'et
434 3670 576 3733 Iphigenia
593 3685 641 3733 pro
654 3669 757 3720 duabus
776 3669 913 3720 sororibus
931 3667 1040 3719 habitae
1056 3673 1126 3726 sont,

212 3740 273 3790 vide
304 3755 372 3822 quas
402 3739 622 3792 scholiastes
653 3736 834 3802 Sophoclis
859 3739 939 3788 habet
966 3739 1000 3788 ad
1026 3737 1124 3786 Electr.

211 3805 271 3861 154.
307 3829 320 3869 η
353 3804 452 3874 Ὁμήρῳ
483 3802 631 3857 ἀκολουθεῖ
658 3803 771 3870 εἰρηκότι
803 3803 848 3857 τὰς
877 3813 943 3869 ipsis
978 3805 1127 3870 departent

213 3878 263 3925 τοῦ
292 3871 482 3942 Ἀγαμέμνονος
515 3873 543 3940 ἦ,
567 3871 602 3925 cis
637 3871 650 3924 d
675 3873 703 3924 τὰ
731 3872 850 3938 Κύπρια,
883 3877 1016 3938 τέσσαρας,
1034 3869 1124 3935 ‘Iaspi-

213 3963 285 3996 rstev
320 3949 361 3996 nal
387 3943 565 4012 ’Iprdracocsn
598 3945 629 3998 cl.
653 3943 847 3996 Scholiasta
869 3945 1007 4009 Euripidis
1038 3942 1125 3992 Orest.

212 4016 255 4070 23.
278 4024 304 4066 et
330 4016 363 4068 G.
387 4019 584 4070 Hermanno
608 4017 634 4064 in
659 4015 743 4077 praei.
768 4015 847 4066 huius
870 4015 922 4064 lab.
945 4029 970 4078 p.
991 4009 1124 4062 XXXVI.

213 4087 358 4149 Euripides
380 4095 468 4138 satem
494 4088 522 4135 in
546 4087 596 4134 hac
618 4083 709 4134 fabula
734 4100 812 4136 unam
829 4083 989 4148 iphigeniae
1007 4093 1124 4128 sororem

212 4157 345 4206 Electram
367 4159 469 4222 etipse
489 4155 553 4204 dicit
572 4170 595 4200 v.
615 4151 675 4208 547.
701 4167 785 4216 neque
803 4153 830 4202 id
855 4153 913 4208 sine
932 4151 1027 4200 idonea
1046 4162 1126 4202 carisa

212 4227 284 4286 fecit,
303 4228 363 4276 vide
383 4241 451 4292 quae
470 4227 541 4275 dicta
560 4227 621 4272 sunt
639 4221 672 4272 ad
690 4221 769 4271 huius
789 4221 895 4270 fabulae
912 4235 935 4270 v.
955 4215 1007 4270 665
1026 4231 1063 4280 sq.
