2790 4774
204 445 208 450 ,
291 391 699 481 ΙΦΙΓΕΝΕΙΑΗΕΝ
725 393 907 462 ΑΥΛΙΔΙ.
974 485 975 494 ¹
1068 393 1106 456 at

185 559 349 654 ἀνέτρεψε
372 561 464 645 βίον,
490 565 564 629 τοτὲ
591 559 620 628 δ’
658 558 857 650 ἀνθρώπων
1032 610 1035 621 «
1063 580 1103 644 25

187 665 328 748 γνῶμαι
342 663 462 728 πολλαὶ
645 682 648 692 ’

186 767 241 831 καὶ
270 760 461 852 ὃνςάρεσειιι
486 765 684 831 διέκναισαν.
862 819 876 832 ,.

182 933 187 936 .
409 866 562 930 ΠΡΕΣ
567 865 599 930 Β
614 867 721 953 rufi
729 866 776 934 Σ.

186 964 247 1032 οὐκ
273 961 404 1050 ἄγαμαι
430 963 525 1032 ταῦτ’
556 961 682 1051 ἀνδρὸς
706 965 881 1052 ἀριστέως·

185 1064 246 1133 οὐκ
274 1071 325 1134 ἐπὶ
352 1064 512 1134 πᾶσίνα
543 1063 696 1157 εφύτενσ’
726 1065 890 1152 ἀγαθοῖς,

177 1165 403 1254 Ἀγάμεμνον,
427 1166 575 1255 Ἀτρεύς.

182 1271 292 1336 δεῖδὲ
316 1293 352 1336 σε
374 1273 503 1356 χαίρειν
529 1273 584 1337 καὶ
611 1271 810 1337 λυπεῖσθαι·

151 1504 185 1554 V.
206 1501 327 1558 28—38.
363 1502 445 1554 habet
469 1501 633 1554 Stobeeus
661 1504 744 1557 florii.
771 1503 827 1554 CV.
852 1503 878 1560 6.
911 1505 963 1557 vol.
989 1503 1040 1554 111.
1067 1522 1093 1570 p.

74 1572 142 1626 308.
161 1573 223 1627 309.
247 1575 292 1623 sed
318 1573 463 1622 ordineio
487 1574 562 1626 libris
587 1575 750 1638 perturbato.
771 1575 803 1627 V.
827 1573 867 1628 28·
894 1575 979 1624 solum
1002 1575 1095 1626 laudat

77 1641 289 1707 Chrysippus
321 1643 392 1706 apud
415 1643 589 1693 Letrounium
619 1645 648 1694 in
673 1644 815 1695 Journal
842 1645 898 1694 des
927 1659 1044 1698 savaus
1068 1661 1092 1700 s.

75 1708 500 1776 uuecoxxxv111.p.313.
586 1741 588 1750 ι

151 1783 185 1836 V.
202 1781 245 1836 28.
277 1777 401 1847 ἀριστέων
415 1781 621 1847 Chrysippus
638 1789 668 1832 et
686 1781 852 1832 Stobasus
871 1783 898 1831 ll.
918 1798 954 1832 eo.
975 1777 1093 1849 ἀριαιὲαε

74 1851 151 1902 libri.
240 1877 242 1882 ·
278 1873 282 1876 ·
336 1873 342 1886 ·
704 1897 706 1902 .

150 1921 184 1971 V.
202 1919 323 1974 29-33.
343 1921 423 1970 habet
441 1919 639 1980 Plutarchus
663 1921 763 1970 consol.
786 1921 818 1970 ad
840 1920 967 1988 Apollou.
985 1937 1011 1986 p.
1031 1922 1089 1976 103.

75 1991 111 2040 V.
132 1991 255 2058 29-31.
273 1991 343 2040 idem
363 1991 561 2041 Plutarchus
579 1992 613 2040 de
630 1991 771 2044 audiendis
788 1991 875 2054 poetis
893 2005 922 2062 p.
940 1989 983 2042 33.

75 2167 141 2212 ante
167 2163 258 2224 posits
286 2169 361 2224 sunt,
395 2161 561 2227 substantive
590 2177 638 2210 ’τε
664 2161 724 2210 vide
749 2157 837 2223 lphig.
863 2157 946 2210 Ταιιι.
964 2157 1006 2212 20·
1031 2155 1047 2210 ὅ
1068 2179 1089 2210 ιι

74 2232 185 2282 facilius
203 2233 318 2282 nominis
341 2231 500 2282 substantivi
520 2233 559 2280 los
610 2227 660 2294 γὰρ
690 2225 811 2278 ἑνιαυιόν
839 2227 908 2278 texos
939 2226 1089 2290 Κάλλισιαν,

75 2317 139 2352 eum
157 2303 279 2352 obtinere
298 2309 395 2366 potest.
610 2297 678 2362 εὕξω
703 2295 844 2363 potuisti
861 2295 958 2347 θύσειν
975 2299 1036 2366 θεᾷ.
1062 2309 1091 2352 et

114 2373 145 2422 V.
165 2369 207 2424 23.
240 2368 339 2436 plustri
367 2369 437 2431 μέν,
468 2371 564 2419 λυπεῖ
610 2383 679 2434 quae
697 2369 731 2418 ad
750 2370 766 2419 l.
786 2383 807 2419 c.
828 2369 939 2432 ascripsi
958 2385 983 2432 p.
1003 2369 1044 2422 23.

76 2437 111 2488 tl
148 2437 429 2504 προεισιᾰμενσν]
481 2439 559 2500 Quod
646 2441 677 2491 V.
696 2437 739 2490 25.
763 2431 947 2502 ἀνθρώπων
965 2439 1087 2502 γνῶμαι
1157 2494 1162 2502 Ι

75 2511 157 2562 huius
177 2511 397 2574 modlEuripidis
414 2512 559 2559 sententiae
611 2509 740 2574 rt'oilal]
781 2505 999 2569 Calohsutis,
1028 2509 1086 2560 tte*

76 2581 134 2629 fere
148 2583 177 2630 in
192 2596 238 2630 ore
253 2582 343 2645 populi
360 2581 475 2640 fuerunt,
495 2579 557 2628 Ma·
609 2577 848 2640 nelei,-Ulixi,
875 2579 919 2642 qui
944 2579 1085 2642 Agamem·

78 2651 163 2700 chon
189 2652 303 2700 comicus
326 2651 396 2698 huno
413 2651 500 2712 ipsum
518 2651 557 2698 lo·
608 2652 669 2700 voni
688 2651 721 2699 de
739 2647 1085 2712 immolandahlispersua-

78 2735 136 2770 eum
154 2722 302 2782 respiciens
322 2722 427 2783 scripsit
444 2719 517 2782 huso·
530 2735 556 2768 a·
608 2720 670 2768 dore
701 2719 868 2769 studuerunt.
921 2718 990 2768 Vide
1018 2735 1086 2784 quse

76 2791 131 2854 pud
152 2791 359 2838 Athenaeum
387 2789 426 2846 l'l,
451 2805 475 2854 p.
496 2788 555 2842 243.
607 2791 679 2838 dieta
697 2797 758 2839 sunt
775 2789 803 2836 iu
822 2789 960 2852 prooemio
979 2805 1004 2852 p.
1023 2791 1048 2842 6.

76 2859 107 2912 F.
128 2867 154 2907 et
173 2875 197 2922 p.
212 2858 271 2912 244.
291 2861 324 2908 Α.
345 2859 397 2907 vol.
417 2859 438 2907 1.
457 2875 481 2922 ρ.
495 2859 556 2922 43],
645 2860 675 2908 V.
696 2860 738 2911 97.
764 2855 970 2920 διέκναισαν]
998 2859 1034 2907 lle
1057 2860 1086 2906 vi

76 2929 250 2982 23.Meinek.
274 2923 300 2978 'O
319 2925 462 2989 Χαιρεφῶν
482 2925 556 2995 spepi-
606 2945 636 2978 so
661 2935 793 2992 potestate
815 2929 892 2976 verbi
916 2925 986 2978 soni.
1011 2927 1085 2976 Med.

76 2992 115 3047 δι’
139 2991 343 3060 αι’ψαὶνειπαιὲ,
362 2997 414 3047 Καὶ
439 2997 487 3046 τοῦ
508 3015 554 3058 μα·
607 2999 665 3050 164.
690 2997 721 3046 ὄν
739 2991 858 3060 ποτ’δγώ
873 2991 977 3059 νύμφαν
996 2991 1014 3044 ι’
1033 2995 1082 3046 slsi-

75 3069 182 3133 νεῖραν,
203 3071 295 3132 φασιν,
318 3062 432 3118 dovotae
451 3063 556 3130 σφόδρα
607 3061 782 3128 δοιμἈιῖιαῐσ
799 3062 1082 3128 μελὰαρσιεθιαιιναισ-

77 3133 157 3203 Αὐτῷ
177 3155 198 3186 ιι
218 3133 428 3202 προσκόπτοντας
445 3132 496 3186 ἀπὸ
512 3133 554 3186 vv'·
606 3136 708 3196 μεναυε.
733 3142 759 3184 et
783 3151 851 3198 queo
874 3135 907 3184 sd
926 3136 943 3184 l.
963 3150 984 3182 o.
1004 3134 1087 3184 habet

75 3220 122 3272 χηε
147 3206 235 3270 κρέαε,
258 3201 356 3258 Εἶπεν·
383 3203 498 3271 μάγειρε,
522 3204 554 3270 μὴ
607 3206 786 3267 Pilupkius
813 3221 838 3268 p.
862 3205 905 3256 31.
932 3204 980 3268 ed„
1001 3201 1081 3254 Goth.

76 3280 203 3341 πραείσια
226 3275 306 3326 rouro
329 3294 372 3338 μοι
403 3272 554 3326 Ταύαεσῦν·
605 3278 650 3328 alt.
688 3277 729 3324 De
747 3276 855 3324 aoristis
873 3274 901 3322 id
919 3273 989 3334 iere,
1010 3275 1082 3334 quod

76 3343 91 3396 ὀ
111 3341 133 3396 δ’
152 3341 232 3406 εἶπεν,
250 3341 310 3396 ἀλλὰ
322 3343 378 3408 ’μήν
396 3344 448 3396 eost
467 3343 555 3410 plusti·
605 3347 662 3394 fieri
683 3347 779 3406 soleat,
806 3337 993 3410 denotpirtibus
1012 3344 1081 3394 ooni.

76 3416 142 3482 [Καὶ
160 3416 211 3480 μὴν
234 3413 261 3466 ui
281 3414 348 3481 πρὸε
375 3410 473 3466 ὁσιοῦν
492 3416 556 3479 φασὶ
606 3415 697 3466 Rost.
725 3429 764 3476 gr.
784 3413 830 3463 Gr.
851 3413 873 3477 ᾗ.
896 3413 955 3466 116.
975 3411 1000 3464 8.
1019 3414 1081 3466 adn.

75 3489 153 3548 ιιρέαε
170 3481 235 3537 εἶναι
254 3485 357 3552 γλυκύτΙ
373 3482 398 3537 'O
412 3485 556 3549 Χαιρεφῶν
605 3484 629 3537 4.
651 3501 676 3548 p.
695 3484 747 3537 588
766 3499 805 3548 sq.
826 3485 865 3533 ed.
884 3491 951 3546 sept.

75 3556 118 3616 δὲ,
146 3559 188 3606 irul
212 3551 281 3618 μάλ’,
304 3549 325 3606 oi
349 3551 468 3620 βέλτιστ’,
495 3556 555 3620 ἔφη,
642 3555 673 3603 V.
694 3555 735 3607 28.
764 3547 884 3618 ἀνδρὸς
906 3547 1080 3620 ἀριστέων]

76 3624 186 3676 Γλυκύ
204 3627 271 3688 μέν,
293 3623 555 3691 προσιστάμενον
606 3626 644 3674 De
669 3626 776 3674 nomine
807 3617 931 3688 ἀριστέων
960 3633 1081 3674 stourate

76 3699 170 3747 λυπεῖ
186 3698 308 3759 πανταχῇ.
551 3738 552 3744 ,
605 3697 750 3758 disputavit
771 3695 944 3744 Porsonus
963 3694 1080 3744 deed.

109 3768 142 3820 V.
167 3767 224 3826 24„
243 3763 276 3815 ιὰ
305 3765 392 3815 θεῶν
419 3759 477 3814 oria
504 3760 553 3828 ὀρ·
604 3765 629 3817 5.
648 3781 674 3828 p.
693 3763 734 3818 16.
754 3765 793 3814 ad.
814 3763 901 3814 Germ.
921 3771 981 3813 tert.

74 3830 245 3902 eoetvr']
276 3836 356 3886 Recte
379 3836 553 3884 Brodeeus
639 3835 671 3882 V.
692 3834 726 3888 29
749 3851 788 3897 sq.
826 3825 884 3883 συίι
908 3833 958 3882 ἐπὶ
982 3835 1080 3882 πᾶσιν

74 3909 138 3958 haee
158 3909 198 3956 ita
217 3907 353 3970 exposuit:
377 3906 555 3955 sacrificis
606 3897 632 3951 α’
651 3898 803 3966 ἐφύτευσ’
826 3897 982 3968 ἀγαθοῖν]
1006 3903 1079 3968 Nou

68 3993 188 4042 ‚parum
206 3978 273 4026 rite
291 3983 446 4040 peraeto,
474 3981 554 4024 vota
604 3989 640 4022 ea
658 3975 734 4039 lege
757 3981 790 4024 te
809 3977 923 4037 genuit
941 3975 1078 4032 Atreus,

74 4063 136 4098 uon
156 4047 304 4107 reddita,
330 4051 358 4094 ut
375 4046 409 4094 sd
428 4045 455 4094 id
474 4045 554 4108 perti·
604 4049 644 4091 ut
671 4047 779 4096 omnia
816 4045 881 4094 tibi
919 4055 1080 4106 prospere

74 4133 136 4168 uere
170 4117 359 4176 arbitraretur,
394 4116 464 4178 quod
491 4115 554 4163 olim
605 4115 771 4166 oederent.
790 4113 845 4162 FR.
865 4113 898 4162 H.
917 4109 1079 4160 Boulis,

74 4191 242 4253 Agamemno
270 4187 370 4236 Dianae
395 4186 555 4244 devovisset,
638 4185 671 4237 V.
691 4183 733 4238 31.
760 4181 808 4231 δεῖ
833 4179 865 4229 δέ
891 4193 924 4228 σε
953 4179 1079 4240 χαίρειν

73 4247 146 4324 quod
163 4260 194 4308 iu
213 4271 262 4306 suo
282 4270 365 4320 reguo
382 4262 472 4304 natum
486 4262 556 4303 esset
605 4253 658 4302 sul
682 4247 873 4314 λυπεῖσθαι]
897 4249 1077 4299 Firnhsbe·
1145 4273 1154 4288 ι

47 4327 282 4393 'puloherrimum
301 4326 349 4376 illo
360 4339 441 4398 auno,
461 4325 555 4386 quade
604 4338 661 4372 rus
699 4321 870 4374 adsimulavit
903 4317 1076 4382 Sophoolis
