2786 4776
304 377 561 446 ΙΨΙΓΕΝΕΙΑ
584 381 624 444 Η
648 381 714 445 EN
737 381 920 449 ΑΥΛΙΔΙ.

208 551 317 614 inetur
341 551 461 627 τλῆναι
486 547 587 632 διινιὲ.
615 545 679 614 κάν
708 551 822 616 δι’λτον
848 562 989 638 πτυχαῖς
1037 631 1042 638 ,

213 646 350 740 γράψας
376 655 510 740 ἔπεμψα
537 644 622 735 ιιρδς
647 651 804 738 δάμαρτα
830 651 893 732 τὴν
920 649 1003 738 ἐμὴν
1128 727 1136 743 1

212 757 350 836 ιτὲμιιειν
374 748 513 836 Ἀχιλλεῖ
539 751 703 837 θυγατέρ’
733 752 778 830 ὡς
803 761 1026 838 γαμουμένην,
1067 766 1128 830 100

211 850 250 917 τό
277 847 308 914 τ’
336 849 466 934 ἀξίωμα
491 848 638 937 τάνδρὸς
661 850 927 939 ἐκγαυρούμενος

210 954 370 1036 συμπλεῖν
396 951 425 1018 τ’
454 952 603 1038 Ἀχαιοῖς
627 947 735 1021 οὕνεκ’
765 952 805 1024 οὐ
833 959 934 1024 θόλοι
957 958 1070 1040 λέγων,

160 1065 164 1071 ’
211 1051 310 1138 εἰμὴ
333 1052 419 1142 Ιπαρ’
450 1050 551 1136 ἡμῶν
571 1053 652 1120 εἶσιν
680 1062 726 1132 τὶς
753 1058 875 1122 Φθίαν
901 1060 1010 1142 λλχος·

211 1154 322 1222 neeric)
352 1155 420 1241 γὰρ
444 1154 533 1240 εἶχον
559 1153 657 1236 τήνδε
683 1152 769 1242 πρὸς
793 1154 939 1242 δάμαρτ’
968 1155 1062 1242 ἐμήν,

181 1388 212 1440 V.
231 1385 274 1442 98.
312 1382 505 1450 πτύχαιιῸοδ.
524 1387 556 1437 Β.
574 1403 648 1453 apr.
667 1405 701 1438 m.

179 1457 214 1509 V.
231 1457 291 1510 100.
310 1455 372 1507 Nou
390 1464 447 1507 eret
464 1459 684 1522 commendando,
696 1458 743 1510 aed
755 1459 923 1522 repudienda
935 1461 1127 1524 potius'hlark-

110 1528 185 1578 laudi
205 1528 358 1578 coniectura
376 1525 493 1580 στέλλειν.

181 1596 213 1645 V.
233 1596 293 1651 100.
330 1591 422 1645 οὕνεκ’
445 1595 638 1648 Beruesius.
661 1591 763 1647 τοῦνιιι“
789 1595 856 1648 Cod.
877 1595 937 1652 BG.
960 1611 1014 1650 sec.
1032 1613 1128 1664 apogr.

108 1665 212 1720 Penios.

110 1872 253 1934 denegatio
271 1873 343 1936 regia
362 1872 395 1922 de
412 1872 486 1922 illiue
501 1872 594 1921 immo·

110 1942 226 2003 latione,
255 1955 343 1991 senem
366 1957 471 1992 servum
495 1942 594 1992 bonum

112 2019 196 2075 etque
220 2012 386 2060 innocentem
410 2011 478 2060 hane
502 2025 595 2060 vocem

110 2095 166 2130 non
189 2082 224 2130 ed
248 2082 355 2131 coedem
378 2080 530 2144 iphigeniae
554 2094 594 2129 re-

112 2151 199 2212 ferre,
226 2150 273 2200 sed
296 2151 338 2212 id,
361 2150 434 2214 quod
453 2153 594 2214 Agamem-

110 2235 148 2270 no
174 2220 207 2269 de
232 2221 333 2283 nuptiis
358 2220 513 2284 Iphigeniae
539 2235 594 2270 mo·

109 2289 156 2339 liri
175 2289 307 2352 videatur,
326 2290 421 2354 quibus
434 2292 535 2354 nuptiis
548 2305 595 2354 op·

111 2360 209 2424 positis
228 2359 395 2423 Iphigeniam
415 2373 522 2409 servare
541 2367 596 2410 stu·

16 2451 20 2458 ·
112 2430 183 2478 deut.
231 2427 373 2478 Idunum
402 2430 533 2479 debebant
555 2428 595 2478 illi

113 2499 243 2559 obtinere,
262 2501 306 2562 qui
328 2500 397 2548 hunc
415 2501 595 2562 Agamemno·

112 2569 155 2618 nie
179 2568 319 2632 prologum
345 2584 434 2618 verum
459 2577 539 2634 atque
561 2568 595 2619 ab

113 2641 172 2702 ipso
199 2637 279 2700 poeta
309 2631 456 2703 proiectum
487 2641 595 2689 demon·

114 2717 200 2758 strare
219 2708 374 2770 voluerunt,
401 2723 449 2758 nee
467 2725 531 2759 vero
549 2716 597 2758 aut

112 2778 165 2828 hoc
183 2778 343 2827 contendere
361 2793 451 2828 senem
465 2780 516 2830 iam
533 2794 595 2832 eun·

112 2847 210 2896 fectum
228 2854 315 2897 aetate
333 2855 412 2913 atque
435 2850 595 2900 obliviosum

113 2916 211 2979 luisse,
229 2915 258 2964 id
277 2919 348 2980 quod
368 2919 445 2968 valde
463 2921 597 2983 discrepet

113 2987 213 3047 abeo,
238 2988 308 3049 quod
333 2988 390 3050 ipse
413 2989 517 3039 dixerat
535 2984 596 3040 τ.4

113 3071 164 3120 sq„
174 3063 220 3104 ent
231 3055 364 3116 indicere,
375 3071 464 3118 regem
473 3071 596 3108 aversum

113 3141 130 3176 a
148 3139 212 3176 sene
230 3131 256 3174 et
275 3126 447 3175 submissiore
467 3142 544 3188 voce,
568 3133 597 3173 ut

113 3198 138 3245 is
158 3211 211 3245 non
230 3195 335 3256 audiat,
354 3195 419 3244 hoec
437 3196 519 3245 verbe
535 3209 596 3258 pro·

113 3265 246 3314 nuntiare.
291 3262 366 3321 Quae
394 3266 482 3314 omnin
511 3279 596 3327 neque

112 3336 201 3384 locum
230 3347 305 3381 strum
333 3331 431 3381 habent
462 3349 509 3383 nec
540 3332 595 3381 ullo

114 3404 197 3454 modo
215 3401 248 3449 od
268 3401 454 3464 explicandum
472 3403 542 3452 hunc
557 3403 595 3456 lo·

113 3485 174 3526 cum
193 3471 372 3532 requiruntur.

149 3539 183 3586 V.
212 3537 256 3592 98.
292 3534 351 3589 κάν
377 3537 491 3591 δέλτον
526 3555 597 3590 nto·

113 3608 204 3676 χαῑι]
230 3610 264 3657 ln
292 3612 462 3674 epistolae
495 3607 598 3660 tabel-

113 3681 168 3731 lis.
205 3675 284 3728 Conf.
303 3680 374 3729 inira
392 3680 490 3734 v·.112.
507 3681 596 3746 Iphig.

114 3750 198 3800 Teur.
219 3746 278 3801 760.
298 3759 325 3799 et
342 3750 404 3799 vide
425 3767 492 3815 quae
515 3765 598 3816 supra

114 3820 232 3870 diximus
252 3819 331 3870 adv.
350 3817 392 3872 37.
412 3836 437 3884 p.
457 3821 510 3873 22„
542 3865 545 3869 .

151 3889 183 3937 V.
204 3887 238 3940 99
257 3903 297 3951 sq.
326 3886 455 3954 γράψαι
477 3889 618 3952 ἔπεμψα,

115 3953 198 4020 πρὸς
224 3953 365 4022 δάμαρτα
387 3988 420 3997 -
446 3959 598 4027 πέμπειν]

114 4025 156 4076 Ne
176 4027 235 4090 quis
254 4028 286 4076 de
305 4030 419 4093 repetito
438 4031 521 4080 verbo
538 4029 600 4091 τιέμ-

117 4113 175 4145 ιτειν
193 4097 308 4160 dubitet,
332 4099 453 4150 conferat
473 4115 540 4164 quae
560 4099 599 4150 di·

115 4167 230 4230 ligenter
248 4167 281 4217 de
300 4169 431 4219 eiusmodi
455 4171 600 4234 repetioni·

116 4237 167 4287 bus
185 4236 372 4300 disputavitld
398 4237 546 4304 Seyffert
567 4239 601 4290 de

116 4306 190 4372 dupl.
211 4320 309 4358 reeens.
330 4309 415 4374 lphig.
437 4311 499 4359 Aul.
517 4326 543 4374 p.
556 4307 600 4364 23.

644 1876 671 1919 et
699 1883 768 1936 quae
794 1869 851 1920 dixi
873 1885 923 1936 ego
942 1872 978 1922 ad
996 1873 1128 1926 Androm.

646 1939 715 1994 1172
733 1956 772 2006 eq.
792 1955 817 2005 p.
836 1939 897 1994 139.
917 1942 958 1996 ed.
976 1939 1057 1992 Goth.
1080 1943 1127 1996 alt.

681 2011 715 2060 V.
744 2009 805 2064 100.
827 2003 875 2060 «οδε
898 2010 1126 2077 γαμουμένην]

645 2080 734 2130 Etiam
753 2081 804 2129 hoc
826 2082 864 2129 ite
888 2081 998 2143 dicitur,
1022 2088 1052 2129 ut
1073 2089 1127 2132 tam

645 2151 679 2200 ad
697 2151 774 2200 fictas
793 2165 870 2213 quam
884 2150 920 2199 ad
931 2165 1008 2200 veras
1020 2152 1127 2216 nuptias

646 2221 778 2285 pertinere
796 2221 890 2284 possit,
916 2228 948 2268 ut
963 2221 1058 2270 mirum
1075 2235 1129 2272 non

647 2291 683 2339 sit
716 2290 893 2353 suspicionem
929 2304 984 2339 non
1025 2291 1129 2341 moveri

646 2374 724 2410 servo
751 2360 816 2409 seui.
869 2359 936 2408 Dein
967 2360 1046 2409 etium
1072 2361 1128 2423 illa,

647 2443 714 2494 quae
733 2430 866 2490 versibus,
885 2430 929 2494 qui
948 2431 1070 2492 proxime
1087 2445 1127 2480 se-

647 2505 754 2563 quntur,
772 2499 904 2559 dicuntur,
917 2499 1047 2549 eiusmodi
1057 2506 1128 2562 sunt,

646 2566 1129 2631 ntClytaemnestroecommovendus

647 2653 728 2688 eausa
747 2640 826 2688 etium
838 2640 865 2688 in
878 2640 948 2688 veris
963 2640 1061 2704 nuptiis
1074 2640 1128 2690 dici

646 2709 791 2774 potuerint.

682 2778 715 2827 V.
735 2777 794 2832 104.
821 2775 853 2827 el
875 2773 914 2842 μὴ
943 2770 1014 2840 παρ’
1042 2771 1129 2842 ἡμῶν

647 2841 733 2897 ιῖοιν
771 2846 820 2898 ele
858 2845 968 2897 Φθίαν
1006 2844 1128 2915 lipom]

646 2913 707 2966 Non
727 2917 794 2967 illud
817 2917 923 2980 quidem
942 2917 1068 2978 dixerim,
1089 2913 1127 2964 λε’-

647 2999 692 3048 zos
721 2988 748 3035 in
783 2985 914 3038 eiusmodi
943 2986 1010 3034 locis
1038 2985 1128 3049 potius

648 3057 824 3118 coniugem
861 3054 1012 3116 significare
1050 3069 1129 3116 quam

648 3125 834 3174 conubium.
887 3121 957 3171 Nam
993 3121 1129 3184 eliquanto
1192 3178 1197 3186 f

647 3195 708 3258 plus
726 3195 765 3242 sic
783 3192 880 3242 audere
893 3192 1029 3240 videretur
1041 3205 1128 3240 sermo

648 3263 766 3312 Graecus
786 3277 863 3326 quarn
882 3263 1046 3309 conveniret.
1075 3258 1130 3311 Sed

648 3347 695 3394 eo,
715 3332 787 3396 quod
806 3331 917 3390 dicitur,
936 3328 1017 3392 λέχοι,
1035 3329 1063 3380 id
1081 3337 1129 3389 est,

647 3401 765 3451 lectum
790 3399 953 3462 genialem
974 3398 1129 3450 Phthiam

648 3470 840 3536 proficisci,
862 3482 915 3518 une
934 3471 1014 3520 etiam
1038 3473 1129 3520 coniu-

649 3557 708 3604 gem
727 3539 833 3603 adduci,
851 3539 923 3603 quod
941 3541 1000 3590 siue
1015 3542 1129 3605 coniuge

648 3612 731 3661 lectus
757 3610 802 3658 ille
830 3608 943 3672 genialis
969 3611 1058 3660 nullus
1088 3618 1130 3660 est

649 3688 676 3730 et
702 3679 817 3742 intelligi
843 3679 922 3742 plene
948 3695 1002 3730 nou
1031 3687 1130 3746 potest,

649 3751 714 3801 satis
732 3757 822 3813 aperte
840 3750 998 3801 declaretur.
1035 3751 1129 3816 Neque

649 3835 714 3870 vero
732 3819 804 3870 iufra
822 3835 846 3869 v.
867 3819 944 3874 1355.
971 3815 987 3886 ἡ
1010 3817 1057 3884 δμὴ
1072 3819 1129 3881 με’1-

650 3892 732 3940 λοοσο
750 3884 813 3952 εὐνή
831 3890 910 3953 plane
920 3892 990 3940 idem
1004 3896 1044 3940 eet
1058 3889 1131 3953 quod

651 3954 731 4026 ἦέμὴ
750 3958 877 4021 μέλλουσα
900 3956 987 4024 δάμαρ
1010 3965 1057 4008 eut
1075 3951 1091 4021 ἡ
1109 3955 1130 4007 δ.

645 4049 675 4095 μ.
686 4026 1130 4096 γυνή.,ιιιιτιιριιι11’τοροντίιτιιι

650 4100 734 4162 ΙΙ.6,
760 4100 801 4153 15.
830 4101 936 4148 lectus
963 4099 1034 4147 idem
1060 4097 1130 4159 quod

652 4185 733 4220 uxor
756 4169 883 4229 includo,
906 4181 982 4232 quem
1005 4167 1132 4216 excitavit

652 4240 887 4290 Marklandur:
905 4237 1001 4286 Felix
1016 4237 1130 4286 Adme-

653 4311 679 4360 ti
698 4311 845 4362 coniunx
864 4314 895 4358 et
912 4307 1015 4358 lectus
1032 4305 1129 4358 Ulixi

1087 347 1228 444 31'
