2806 4782
640 349 964 418 ΕΥΡΙΠΙΔΟΥ

400 514 519 614 roror'd'
550 521 703 596 locum,-
730 518 842 586 πάντα
868 517 935 606 γὰρ
962 517 1003 586 τὰ
1033 523 1103 586 τοῖν
1130 523 1222 588 θεῶν

398 625 443 696 ελς
468 616 600 708 ἀφανὲς
625 627 725 702 ἕρπει,
751 620 872 688 κούδὲν
895 620 959 689 οἶδ’
992 620 1105 700 οὐδεὶς
1132 623 1251 691 κακόν

399 718 419 800 ἡ
446 718 512 803 γὰρ
539 718 621 804 τύχη
649 721 812 806 παρήγαγ’
843 732 888 799 εὶς
915 721 953 792 τὸ
982 727 1167 809 deoplacito.

400 820 512 888 uoto
540 820 627 888 ποθ’
662 819 760 906 ἥκετ’,
787 815 812 888 ὦ
841 830 1049 910 ταλαίπωροι
1077 826 1182 908 ξένοις

299 920 370 998 480
400 920 444 998 ὡς
462 918 517 989 tul
538 926 670 1008 μακροῦ
695 928 756 1009 μὲν
781 923 874 1004 τήνδ’
903 927 1084 994 tutulum
1102 929 1229 1012 χθόνα,
1252 935 1308 1001 465

398 1021 529 1112 μακρὸν
550 1023 580 1092 δ’
602 1022 658 1090 ἀπ’
673 1026 772 1092 ολκον
787 1028 914 1112 χρόνον
933 1025 1043 1096 loeorl'
1067 1026 1120 1094 ἀεὶ
1143 1030 1242 1096 κάτω.

686 1162 926 1230 ΟΡΕΣΤΗΣ.

398 1266 431 1327 τί
457 1258 546 1326 τοῦτ’
576 1258 689 1345 ὀδύρεο
713 1261 797 1330 adul
821 1277 894 1341 τοῖς
918 1267 1073 1348 μέλλουσι
1101 1265 1172 1348 νῷν

370 1493 471 1546 Vnst.
492 1492 573 1544 κακόν
584 1480 654 1550 libri.
667 1493 1027 1562 ssporoivKirchhollios,
1038 1493 1110 1548 α’πόν
1123 1496 1307 1548 Budhemut.

369 1564 399 1614 V.
418 1563 478 1618 46⁷.
516 1563 553 1614 roi
572 1566 752 1618 Porsouus.
776 1567 830 1632 νῷν
855 1568 925 1619 libri.
949 1569 1003 1635 νῷν
1026 1570 1104 1620 lueet
1126 1571 1242 1617 κακοῖσιν
1259 1563 1308 1612 Co·

297 1635 413 1685 betue.

368 1703 397 1754 V.
416 1701 478 1756 469.
498 1703 540 1757 70.
574 1703 655 1755 hebet
673 1704 835 1756 Stobeeus
858 1705 940 1757 lloril.
960 1705 1027 1756 Vlll.
1046 1703 1071 1761 6.
1091 1705 1115 1758 1.
1138 1721 1164 1770 p.
1186 1703 1245 1757 195.
1263 1699 1308 1748 θα·

298 1779 352 1824 νεῖν
369 1774 432 1825 libri
450 1789 508 1824 eum
527 1773 655 1826 Stobeoo.
675 1779 774 1825 κτανεῖν
793 1773 979 1826 Seldlerus.

297 1983 439 2033 fortune
456 1982 597 2043 occidet,
613 1981 640 2032 id
653 1991 700 2042 est,
710 1984 781 2047 quis·

297 2069 349 2117 qus
372 2054 457 2102 nescit
482 2053 524 2101 oni
551 2052 669 2114 occidet,
694 2062 782 2102 utrum

297 2125 349 2172 sibi
368 2138 400 2172 en
419 2123 475 2172 elii.
511 2121 606 2185 Itaque
624 2138 677 2171 non
692 2124 780 2172 exclu-

297 2194 368 2242 ditur
394 2194 452 2256 ipse
476 2193 502 2238 iu
530 2187 581 2257 ὅτῳ
614 2195 780 2256 pronomine,

297 2264 344 2312 sed
362 2269 450 2311 temen
462 2275 516 2309 uon
527 2275 596 2310 unus
610 2263 781 2326 intelligitur,

298 2332 369 2396 quod
389 2347 436 2396 per
455 2330 529 2379 verbi
549 2330 602 2378 vim
619 2329 696 2396 plene
721 2333 779 2382 lieri

296 2415 350 2450 uon
368 2408 464 2464 potest.

332 2485 362 2534 V.
383 2485 443 2538 462.
481 2480 600 2535 κοιλδλν
631 2479 695 2535 οἷδ’
727 2481 778 2535 ori·

297 2554 366 2604 dele
397 2552 512 2618 κακόν]
537 2557 613 2606 Haeo
638 2557 732 2619 verba,
756 2556 779 2605 si

296 2626 355 2689 quis
374 2639 420 2688 per
439 2641 468 2674 se
486 2633 597 2688 spectat,
616 2633 703 2694 sptem
721 2641 780 2675 sen-

295 2697 404 2745 tentium
431 2694 529 2744 hebere
564 2711 618 2745 nou
647 2696 779 2758 videntur,

296 2765 466 2830 quemobrem
491 2765 524 2814 de
548 2766 582 2816 ils
611 2765 778 2814 vehementer

295 2835 443 2884 dubitatum
462 2840 511 2892 eet,
530 2838 576 2885 sed
596 2835 676 2884 verbe
688 2842 775 2883 temen

294 2905 419 2954 idoneam
450 2907 578 2969 praebent
609 2906 776 2966 sententium,

295 2976 317 3023 ei
337 2976 370 3024 ed
388 2975 416 3023 id
437 2976 507 3037 quod
531 2975 683 3024 hominihus
705 2975 776 3023 futu·

294 3060 352 3094 rum
371 3059 430 3095 esee
447 3045 571 3095 videatur
589 3045 700 3106 referes,
725 3059 776 3109 quo

295 3130 353 3164 esse
372 3115 513 3164 referende
531 3123 607 3164 totus·
619 3117 694 3164 locus
707 3115 777 3164 clere

295 3187 421 3236 ostendit.
439 3184 471 3234 Id
494 3193 565 3236 reete
590 3183 775 3236 Schoenlus

294 3297 321 3340 et
330 3262 471 3340 er'gelu
481 3305 565 3354 nuper
576 3294 776 3354 perspexerunt.

327 3377 361 3429 V.
380 3375 441 3430 406.
477 3373 603 3440 μακρὸν
627 3370 652 3424 δ’
672 3403 704 3412 -·
727 3368 775 3422 u'el

294 3441 391 3510 κάτω]
417 3445 454 3495 Ut
479 3447 516 3508 ei,
540 3447 612 3511 quod
636 3452 698 3495 ente
719 3451 776 3494 eret

293 3515 405 3564 dictum:
424 3511 467 3562 trel
484 3517 586 3580 μακροῦ
610 3516 670 3575 μὲν,
688 3515 776 3564 simile

294 3583 356 3646 quid
377 3593 531 3650 opponeret,
551 3585 619 3634 dixit
632 3586 775 3648 Euripides

292 3651 355 3700 hoo:
365 3647 465 3714 μακρὸν
473 3650 578 3716 χρόνον,
588 3655 620 3703 de
629 3658 681 3705 lete
693 3663 776 3704 aeter·

293 3721 389 3786 nitate,
415 3736 483 3784 quoe
507 3724 557 3771 erit
574 3732 636 3786 post
656 3732 776 3784 mortem,

292 3805 379 3854 neque
396 3791 497 3839 ueritus
512 3800 552 3840 est
564 3807 621 3842 eom
636 3809 690 3843 rem
704 3794 776 3842 deio-

292 3875 353 3925 ceps
373 3866 464 3924 operto
482 3862 561 3910 etium
579 3863 699 3911 indicere
717 3877 775 3911 ver-

291 3932 327 3981 bo
340 3924 387 3987 dei,
407 3931 482 3995 quusi
493 3930 588 3980 Letine
601 3932 687 3981 dices:
706 3932 775 3980 lon·

292 4017 362 4066 gum
381 4008 516 4067 tempos,
534 4001 569 4049 id
587 4009 646 4061 eet,
660 4001 776 4065 sempi-

291 4080 420 4124 ternum
438 4070 666 4134 tempossNou
688 4079 776 4124 temen

291 4142 376 4206 probo
385 4157 442 4192 eom
451 4139 775 4205 tutionem,qneSchoe-

291 4213 368 4261 niun
393 4227 477 4276 nuper·
496 4213 562 4262 hoec
581 4211 662 4261 verbu
679 4213 718 4261 its
735 4211 775 4260 di·

292 4281 401 4332 struxit:
433 4278 533 4348 μακρὸν
559 4275 586 4330 θ’
601 4275 660 4332 ’ἀπ’
694 4282 775 4330 οἴκων

832 1978 929 2045 χρόνον
947 1974 1035 2032 tceuo'
1048 2009 1079 2018 -
1093 1975 1134 2032 del
1154 1977 1230 2038 κάτω,
1247 1989 1308 2042 quse

832 2054 954 2101 inuudlto
972 2059 1029 2101 eret
1048 2047 1171 2103 Graecis.

867 2122 899 2170 V.
920 2118 979 2174 46¹.
999 2137 1056 2186 sqq.
1089 2113 1224 2172 οἰκοῦν1
1245 2111 1307 2166 dflv'·

831 2207 879 2254 ρον
898 2185 973 2239 κάπὶ
998 2197 1064 2239 soit
1082 2192 1235 2253 μέλλουσι
1253 2184 1307 2250 νῷν

832 2259 910 2324 κτλ]
934 2260 966 2310 λιι
984 2262 1026 2310 his
1044 2263 1168 2312 versibus
1187 2261 1309 2310 librorum

830 2331 986 2394 scripturum
1011 2333 1121 2384 omnino
1144 2326 1309 2382 obtinendem

830 2403 994 2463 existimavi,
1020 2415 1087 2464 quae
1105 2402 1189 2452 habet
1211 2403 1308 2450 senteu-

830 2472 893 2520 tlenr
935 2472 1111 2534 aptissimum,
1158 2477 1309 2536 quamquem

830 2541 1061 2604 eliqueutoeliter
1073 2541 1139 2590 mihi
1151 2543 1255 2590 videtur
1268 2546 1306 2582 ex·

829 2611 968 2674 plicuudus
994 2611 1037 2659 hic
1061 2617 1135 2660 totus
1159 2613 1234 2660 locus
1256 2613 1307 2653 etet

829 2687 910 2742 utque
941 2695 1025 2745 usqne
1050 2681 1138 2730 edhuc
1166 2679 1307 2744 explicetut

831 2757 879 2797 est.
906 2749 938 2796 In
958 2765 987 2798 re
1006 2758 1125 2800 etceuse
1137 2749 1241 2800 difficili
1260 2744 1307 2792 sin·

826 2818 939 2881 gillutim
969 2820 1058 2868 omule
1085 2819 1246 2884 exponenda
1272 2810 1306 2858 ¹¹·

827 2889 932 2937 deutur.
953 2893 993 2938 Ae
1003 2891 1114 2954 primum
1134 2890 1240 2954 quidem
1252 2879 1307 2960 νῷν,

827 2967 857 3006 ut
869 2960 995 3021 scriptum
1010 2969 1058 3016 cet,
1073 2960 1189 3009 inlibris
1207 2955 1305 3006 retinui·

827 3027 921 3092 Neque
946 3031 1015 3079 enirn
1041 3029 1096 3077 ullo
1115 3031 1196 3079 modo
1221 3027 1249 3074 in
1269 3020 1305 3068 hit

828 3099 948 3147 versibus
967 3099 1029 3146 mihi
1051 3100 1157 3148 videtur·
1177 3090 1305 3160 oppositio

828 3169 898 3216 inter
918 3167 1079 3230 Iphigeniam
1098 3170 1191 3233 quaeri
1207 3174 1233 3215 ct
1246 3160 1306 3211 ou-

828 3244 894 3287 stem
920 3239 1030 3301 eiusque
1049 3240 1163 3301 socium,
1189 3236 1235 3287 sed
1259 3231 1306 3279 h⁰⁶

828 3307 983 3370 simpliciter
1003 3308 1067 3356 dicit
1085 3306 1207 3358 Orestes:
1227 3297 1306 3362 Quid

827 3377 906 3426 heec
934 3378 1129 3427 lamenteris
1156 3387 1187 3427 ct
1213 3381 1305 3435 super

826 3447 908 3496 heeo
945 3461 1027 3510 quoe
1056 3447 1156 3497 ‘uobis
1191 3447 1305 3506 impen-

828 3517 905 3565 dent
923 3517 1009 3566 mele
1026 3518 1166 3567 moleste
1186 3532 1220 3566 es
1237 3523 1305 3562 nem·
1366 3573 1367 3580 ἵ

827 3601 859 3650 pe
886 3585 991 3635 nobis.
1031 3587 1118 3636 λυπεῖν
1137 3588 1206 3637 enlm
1229 3583 1303 3632 etiem

826 3655 887 3705 eliis
905 3655 980 3716 loeis,
999 3657 1043 3705 ubi
1057 3671 1171 3720 persone
1183 3656 1216 3707 ed
1231 3659 1303 3717 q¹¹⁸¹¹¹

827 3731 928 3788 spectet
953 3725 1032 3776 lecile
1056 3728 1226 3790 intelligitur,
1249 3720 1302 3798 ⁸¹¹⁶

826 3795 979 3844 eocusetivo
1003 3811 1052 3844 sno
1080 3799 1201 3860 ponitur,
1225 3798 1253 3841 ut
1277 3799 1301 3834 ¹¹¹

827 3861 1011 3927 Sophoclis
1026 3865 1228 3930 Antigonublill·
1242 3856 1302 3935 57²?

826 3949 856 3996 γε
874 3935 961 3983 λυπεῖν
980 3936 1021 3983 καὶ
1040 3933 1073 3984 οὐ
1092 3937 1133 3984 καὶ
1153 3931 1181 3984 ed
1202 3929 1249 3984 σὸν
1266 3928 1300 3972 λθ·

825 4015 871 4066 χοε
890 4011 917 4052 et
934 4020 1014 4069 saepe
1031 4006 1106 4055 eliste.
1143 4007 1200 4056 Iern
1218 3998 1300 4050 venit·

824 4089 882 4124 mus
900 4075 934 4123 ed
952 4076 1062 4139 relique.

860 4143 972 4198 ¹469.
1011 4140 1105 4194 οὔτοι
1129 4139 1238 4208 σοφὸν
1256 4148 1299 4186 κθ·

825 4214 917 4276 μίζω,
938 4209 973 4263 ὃν
992 4209 1027 4262 ἂν
1049 4214 1166 4275 μέλλων
1190 4208 1301 4263 θανεῖν

826 4281 901 4346 κτλ]
921 4283 953 4332 Iu
967 4285 1019 4334 lroo
1030 4293 1057 4333 et
1067 4286 1238 4348 sequentibus
1249 4287 1301 4326 ver-
