2800 4774
271 365 531 447 ιοιΓεΝειΑ
556 377 599 442 H
621 377 684 441 En
716 373 943 464 ΤΑνΡοιΣ.
1074 385 1114 448 37

192 543 261 611 ἀλλ’
294 531 421 642 εὖιμᾶρ
450 539 553 619 εἶπας,
581 550 748 611 πειστέον·
773 555 892 629 χωρεῖν
915 543 1021 628 χρεὼν

193 645 274 714 ὅποι
297 641 432 730 χθονὸς
456 644 629 734 κρύψαντε
655 643 800 727 λήσομεν
827 649 936 729 δέμας.

194 746 234 814 οὐ
262 744 329 830 γὰρ
356 743 394 810 τὸ
422 746 483 811 τοῦ
511 747 598 813 θεοῦ
627 743 651 827 y’
682 745 792 812 αῖτιον
820 743 990 828 γενήσεται
1054 756 1113 818 1‘20

194 861 305 916 πεσεῖν
331 841 500 931 ἄχρηστον
528 849 723 935 θέσφατον·
752 851 951 930 τολμητέον·

194 947 330 1034 μόχθος
356 945 420 1034 γὰρ
449 945 557 1023 οὐδεὶς
584 959 653 1023 τοῖς
681 954 767 1024 νέοις
793 950 921 1038 σκῆψιν
947 954 1049 1037 φέρει.
1088 943 1092 948 ’

508 1082 704 1149 ΧΟΡΟΣ.

196 1182 377 1275 εὐφαμεῖτ’,
404 1172 428 1247 ὦ

166 1419 200 1468 V.
222 1417 281 1469 121.
318 1410 446 1477 ἄχρηστον
465 1413 533 1464 libri.
553 1408 680 1475 ἄχοροιον
703 1411 735 1466 G.
751 1412 967 1479 Ηοεαιαιιιιιιε,
986 1416 1115 1486 ἄκραντοι·

97 1485 347 1546 Biomfieidius,
366 1497 442 1547 quem
460 1497 544 1546 nuper
562 1481 729 1532 Nuuokius
750 1491 878 1546 sequutus
898 1495 945 1537 est.

167 1557 201 1606 V,
222 1554 350 1608 123-41.
388 1554 414 1600 in
434 1551 474 1600 ed.
494 1552 595 1602 Aldina
614 1562 649 1613 et,
667 1561 697 1602 ut
716 1553 827 1615 videtur,
847 1556 874 1603 in
895 1556 962 1607 God.
983 1558 1010 1607 G.
1042 1560 1113 1625 Iphi·

98 1629 193 1692 geuiae
217 1625 408 1686 adsignantur,
434 1621 515 1670 choro
534 1623 653 1672 restituit
671 1623 772 1685 primus
792 1623 1000 1687 Tyrwhittus
1020 1637 1047 1678 et
1065 1629 1116 1680 hoe

98 1700 177 1748 etiem
198 1694 264 1744 Cod.
285 1693 316 1741 B.
333 1693 438 1741 videtur
456 1692 620 1742 confirmare.

167 1766 227 1815 Hoc
246 1769 342 1823 autem,
367 1761 438 1824 quod
459 1761 666 1824 misequitur,
689 1775 793 1809 carmen
811 1763 933 1823 melicum
953 1779 985 1813 ex
1002 1780 1117 1830 snapae.

98 1838 147 1886 stis
172 1835 293 1884 dimetris
318 1839 423 1882 oonstat
445 1845 499 1878 nou
524 1829 688 1893 interpositis
714 1831 766 1879 nisi
788 1831 892 1880 duobus
916 1835 1036 1885 versibus
1062 1843 1116 1885 tro·

8 1899 9 1936 ³
99 1906 200 1956 ehaieis
221 1905 254 1956 V.
274 1901 332 1955 190.
351 1908 377 1950 et
395 1899 454 1953 212.
473 1908 548 1949 etex
566 1901 613 1950 iilo
633 1899 741 1963 quidem
763 1915 861 1963 genere
878 1901 1033 1954 liberiorum
1052 1920 1117 1955 ana·

98 1981 253 2040 paestorum
277 1979 330 2033 ast,
356 1971 389 2019 de
412 1984 465 2034 quo
491 1984 571 2033 quum
599 1970 670 2032 apud
696 1975 798 2018 eeteros
823 1973 939 2035 tragicos
964 1981 1021 2024 tum
1045 1977 1117 2039 apud

97 2044 256 2107 Euripidem
274 2042 338 2091 olim
355 2039 574 2103 'frequentissimo
593 2037 627 2088 G.
646 2039 849 2089 Hermonuus
875 2041 1017 2105 diligenter
1036 2059 1117 2108 expo-

100 2115 155 2164 suit
171 2115 200 2162 iu
220 2113 351 2162 Element.
371 2110 456 2161 doctr.
474 2117 549 2160 metr.
569 2123 595 2173 p.
615 2107 666 2160 371
687 2123 741 2172 sq„
767 2113 813 2172 qni
832 2111 883 2161 hoo
900 2125 985 2175 genus
1003 2129 1117 2180 anapae-

101 2284 226 2332 itiuere
244 2282 305 2331 huo
327 2280 519 2344 navigando
538 2297 585 2330 ra-

101 2355 206 2414 nisse,
224 2352 280 2400 uhi
298 2365 374 2400 vero
395 2351 586 2413 perveneri-

102 2437 170 2472 mus
189 2437 251 2486 quo
270 2421 484 2479 voluerimus,
503 2420 586 2470 redi·

103 2501 170 2543 tum
188 2504 316 2554 parare.
339 2488 401 2538 Nou
416 2488 501 2552 probo
513 2504 588 2551 vero,

8 2563 9 2578 ¹
104 2560 178 2626 quod
206 2558 396 2620 Nauokins,
434 2574 519 2622 nuper
555 2560 587 2608 de

104 2629 265 2680 Badhami
302 2630 455 2677 coniectura
491 2629 588 2681 edidit:

105 2694 178 2748 οὕτω
197 2726 228 2733 -
254 2693 340 2756 τιάῖινς
370 2696 487 2759 Negatio
517 2699 587 2747 enim

8 2785 9 2788 ’
105 2769 253 2818 rectissime
266 2783 293 2816 se
311 2766 392 2816 hebet
404 2779 452 2816 nec
468 2781 534 2830 opus
547 2774 588 2816 est

104 2836 326 2906 interrogatione.

142 2907 176 2959 V.
200 2907 256 2960 119.
278 2903 355 2954 ὅκοι
375 2901 496 2968 χθονὸς
517 2901 586 2969 κρύ-

105 2985 207 3039 ψαντε
224 2971 366 3040 λήσομεν
385 2974 493 3038 δέμας]
508 2974 588 3024 Roote

106 3047 290 3098 SeidIerus
318 3045 352 3094 ad
378 3062 402 3093 v.
430 3043 490 3097 113.
521 3046 589 3094 vidit

106 3114 172 3167 ὅποι
190 3118 244 3165 vim
263 3123 336 3164 suam
356 3114 399 3163 hie
417 3114 547 3174 obtinere,
561 3122 590 3162 ut

106 3191 179 3237 esset
197 3189 271 3250 quo.
291 3183 397 3233 Dicitur
409 3186 477 3233 enim
489 3181 591 3233 Graece

107 3258 189 3307 etiam
209 3256 275 3304 alias
297 3249 419 3318 κρύπτειν
438 3271 459 3302 ιι
479 3253 516 3301 τῖε
535 3270 591 3302 τινα

108 3323 208 3386 τόπον,
229 3331 258 3372 ut
282 3325 309 3372 in
335 3322 445 3387 Cyelop.
470 3323 530 3376 616,
548 3325 590 3373 ed.

106 3397 200 3446 Herm.
222 3389 270 3458 ἤδη
289 3390 367 3441 datos
386 3388 593 3456 ἠνθρακωμένος

108 3461 247 3527 κριῗτιιειαι
257 3461 293 3512 ειέ
303 3459 422 3514 σποδιόν,
432 3469 458 3512 et
465 3465 491 3512 in
500 3461 591 3526 Suppi.

108 3533 188 3588 1205.
208 3530 334 3596 μάχαιραν
354 3531 381 3580 ἑε
400 3537 474 3596 polus
495 3530 594 3594 μυχοιῖε

109 3602 224 3668 κρύψον.
267 3601 346 3650 Ratio
367 3609 455 3651 autem
473 3609 593 3651 constru-

110 3675 209 3724 ctionis
233 3671 325 3720 eadem
341 3677 381 3720 est
400 3687 467 3734 quae
490 3673 518 3719 in
538 3669 592 3720 So·

105 3743 242 3809 'phooiis
263 3742 356 3802 Antig,
376 3741 437 3792 228.
459 3732 552 3800 ιᾶῖαε,
572 3741 596 3789 τί

109 3817 215 3876 χωρεῖς,
236 3803 263 3858 οἶ
279 3805 367 3870 μολών
391 3807 484 3859 δώσειν
508 3807 590 3874 δίκην.

109 3882 175 3932 Non
194 3881 336 3930 enimcum
357 3881 438 3929 verbo
456 3881 532 3930 finito
549 3877 591 3944 λη’-

111 3965 206 4013 σομιν,
226 3949 274 3999 sed
293 3965 351 3998 oum
371 3951 513 4013 participio
534 3947 596 4014 upri-

110 4029 193 4082 ψαντε
216 4020 357 4068 relativum
382 4015 445 4067 ὅποι
464 4021 594 4084 composi-

109 4099 167 4140 tum
187 4096 236 4150 est,
255 4089 334 4152 piane
355 4095 382 4136 ut
406 4083 435 4137 σι’
448 4089 474 4137 in
489 4086 594 4153 Sopho-

110 4161 160 4210 olis
185 4160 244 4208 loeo
265 4173 319 4206 non
338 4159 372 4206 ad
404 4153 495 4208 δώσεις
514 4157 596 4223 δίκην,

110 4230 160 4280 sed
180 4229 213 4278 nd
232 4223 319 4288 μοῖών
338 4235 448 4291 spectat.
485 4227 596 4278 Senten-

110 4301 151 4350 tia
169 4297 236 4348 haee
257 4304 311 4347 estt
335 4298 385 4346 iro
404 4306 544 4360 oportet
562 4299 596 4348 il·

636 2281 704 2347 luo,
726 2293 791 2342 quo
810 2281 837 2329 si
856 2295 978 2346 eorpus
1003 2285 1129 2340 nundi·-

637 2351 796 2410 derimus,
816 2350 1009 2414 latebimus.

672 2420 705 2470 V.
731 2418 800 2469 120.
842 2413 879 2468 οὐ
907 2417 966 2488 γὰρ
995 2418 1029 2471 τὸ
1060 2423 1117 2474 τοῦ

637 2486 723 2538 θεοῦ
741 2483 764 2554 γ’
778 2487 1115 2558 αἴτιον-θέσφατον]

638 2557 1118 2624 PropterSeidlerumetquihune

638 2643 722 2692 nuper
739 2635 867 2691 sequutus
893 2639 934 2679 est
961 2630 1118 2682 Schoeni-

639 2713 689 2748 um
725 2711 903 2748 commemoro
940 2703 1119 2752 construenda

640 2783 699 2818 esse
719 2767 801 2815 verba
820 2768 869 2816 sio:
896 2763 928 2818 οὐ
952 2767 1001 2834 γὰρ
1022 2769 1050 2818 τὸ
1072 2771 1120 2822 τοῦ

639 2837 711 2886 θεοῦ
729 2852 756 2899 γε
776 2834 915 2898 θέσφατον
939 2840 1024 2889 αἴτιον
1043 2838 1118 2906 γενή-

641 2923 710 2956 σεται
732 2910 819 2952 πεσεῖν
843 2903 984 2970 ἄχρηστον,
1009 2918 1037 2958 ut
1061 2926 1120 2960 sen·

640 2977 724 3044 tentia
737 2975 832 3028 horum
843 2978 986 3028 verborum
995 2979 1061 3028 haee
1071 2981 1119 3030 sit:

640 3045 713 3095 Non
745 3045 829 3094 euim
865 3047 921 3097 dei
950 3050 1120 3098 oraculum

641 3115 866 3178 dignumorit,
884 3124 920 3164 ut
938 3118 1119 3167 inutileia-

642 3193 730 3245 teet,
758 3185 858 3244 idest,
882 3192 911 3233 ut
930 3187 1004 3250 quasi
1025 3187 1120 3234 inutile

633 3251 783 3304 'obiiciatur
795 3267 880 3315 nsque
899 3269 930 3302 eo
949 3270 997 3304 nos
1007 3261 1120 3306 utemur.

642 3321 736 3386 Neque
761 3321 828 3370 enim
852 3322 932 3372 ullam
959 3325 1037 3372 video
1060 3340 1120 3374 eau-

642 3408 698 3442 sam
714 3391 885 3456 quamobrem
896 3390 1033 3452 θὲσφαιον
1043 3393 1120 3458 ἄχρη-

645 3477 706 3510 στον
730 3476 783 3509 non
802 3461 888 3522 possit
909 3462 961 3510 diei
985 3466 1122 3514 oraculum

644 3533 684 3592 id,
704 3531 776 3595 qnod
800 3535 933 3594 tamquam
958 3533 1052 3582 inutile
1076 3549 1121 3583 ne·

643 3603 774 3665 gligstur‚
799 3608 827 3647 ut
846 3595 974 3662 ἄχρηστον
992 3601 1025 3652 G.
1045 3603 1122 3654 Her-

644 3665 1122 3731 manni,dupuvrovBlomfieldii

645 3741 721 3805 quasi
744 3739 852 3789 inutilia
874 3748 1024 3793 commenta
1046 3745 1122 3792 omit-

643 3811 723 3860 tenda
743 3824 800 3858 esse
819 3810 975 3860 existimem.

678 3881 710 3928 V·
740 3877 808 3932 123.
847 3880 964 3929 Chornnr
1009 3880 1123 3930 Graecu-

646 3965 703 3998 rum
713 3950 852 3998 mulierum
866 3951 1030 4013 captivarum
1041 3950 1124 3997 fuisse

647 4034 679 4066 ex
699 4034 730 4067 eo
749 4032 859 4081 genere,
884 4035 951 4083 quae
974 4021 1001 4067 in
1019 4019 1124 4080 templis

647 4088 876 4149 administrarent,
911 4090 974 4137 inde
1006 4091 1125 4155 apparet,

648 4159 719 4221 quod
739 4165 765 4208 et
783 4159 855 4221 ipsae
877 4174 905 4207 se
925 4171 1016 4207 servas
1035 4156 1125 4218 appel-

646 4228 703 4276 lant
729 4244 755 4276 v.
783 4226 855 4287 131„
885 4228 954 4276 siout
985 4225 1127 4289 iphigenia

647 4311 739 4346 rursus
759 4296 791 4345 ab
811 4297 865 4344 illis
884 4296 992 4345 domine
1009 4296 1125 4360 appella·
