2800 4774
312 347 571 412 nurrsusrs
598 349 635 411 rr
663 345 727 412 un
755 329 975 416 Terrore.
1109 365 1148 433 29

236 515 374 598 παροῦό
404 513 537 591 άπόντι,
565 518 672 580 ταῦτα
698 515 763 601 γάρ
790 517 963 602 δυναίμεθ’
993 517 1048 595 άν,

235 616 296 681 σὺν
323 615 569 700 apocrisiarius,
597 613 639 694 ἃς
666 615 749 702 ἔδωχ’
780 615 860 702 ἡμῖν
883 613 971 700 άναξ

231 715 423 798 Ἑλληνίδας
451 729 622 800 γυναῖκάς.
647 715 714 782 ἀλλ’
748 718 780 798 ἐξ
807 725 916 797 citing

234 814 326 901 οὔπω
355 825 446 896 τίνος
474 818 645 904 πάρεισινς
673 817 728 902 εἶμ’
760 821 832 886 ελσω
859 821 969 905 δόμων
1105 835 1145 897 lib

235 929 270 985 λν
297 917 363 988 οἶσι
389 927 470 986 ναίω
498 919 604 985 τῶνά”
629 918 829 1004 ἀνακτόρων
854 908 951 1024 s‘leclp.

499 1021 781 1090 ΟΡΕΣΤΗΣ.
841 1034 855 1076 ν

236 1118 311 1208 ὅρα,
337 1122 522 1211 φυλάσσου,
548 1121 593 1208 μή
621 1147 674 1200 τις
696 1131 732 1189 lv
759 1127 860 1208 στίβῳ
886 1127 1030 1221 βροτῶν.

204 1318 238 1368 V.
255 1317 298 1370 62.
328 1314 440 1382 παροῠά
457 1314 549 1368 άπόνιι
563 1319 733 1372 Cantetur.
745 1320 867 1384 παροῦσά
885 1323 1036 1374 anatilibri.
1047 1319 1143 1376 άκοάά

133 1383 228 1437 deden
247 1389 279 1436 de
298 1387 455 1438 Badhami
475 1392 629 1441 coniectura
647 1391 824 1442 Nauclrlns.

203 1459 228 1507 V
257 1457 299 1510 65.
338 1457 407 1508 υνὸε
426 1461 496 1521 libri,
515 1465 585 1509 ω’νοε
608 1461 833 1510 Marklandus.
871 1460 940 1509 Dein
959 1455 1005 1522 εἶμ’
1029 1464 1091 1512 εἴσω
1110 1462 1143 1513 (3.

132 1529 354 1578 Hermannua.
386 1529 424 1578 εῖν
441 1527 464 1590 μ’
482 1530 543 1578 οἴσω
571 1532 620 1592 (ειν
637 1524 673 1592 ἔμ’
696 1531 757 1580 εἴσω
775 1547 808 1580 m.
828 1535 891 1594 sec.)
926 1531 992 1582 Ood.
1011 1530 1043 1581 B.
1062 1531 1088 1582 ἑν
1107 1529 1144 1595 ἔμ’

130 1599 195 1648 εἴσω
214 1595 293 1662 [eod.
314 1598 354 1661 C.]

203 1669 237 1720 V.
255 1667 298 1720 67.
326 1663 463 1728 φυλάσσου
480 1667 550 1717 libri.
571 1666 689 1730 φύλασσε
706 1665 867 1717 delllmsleii
886 1679 1027 1734 praecepto
1042 1671 1067 1722 N
1072 1688 1142 1724 auc·

133 1739 211 1790 lsius.
235 1738 301 1788 Vide
319 1738 410 1786 adnot.
430 1743 533 1800 exeget.

132 1909 161 1957 id
181 1923 259 1972 quom
283 1908 460 1970 improbasset
485 1908 519 1956 A.
537 1907 615 1956 Mat·

132 1979 246 2038 thiae,
284 1985 354 2026 recte
393 1977 426 2031 G.
459 1977 615 2026 Herman-

132 2064 194 2097 nns
219 2053 320 2096 tutatus
344 2053 391 2098 est.
426 2047 566 2096 'imbecilla
590 2061 616 2096 e·

132 2119 189 2166 nim
223 2125 293 2166 esset
316 2103 402 2167 oratio
429 2118 567 2178 dominae,
593 2117 616 2166 ei

132 2186 162 2236 id
204 2188 274 2251 quod
310 2184 358 2236 sub
395 2188 487 2236 oculos
531 2187 616 2247 cadit,

132 2258 253 2306 nondum
284 2257 377 2308 adesse
405 2257 531 2316 famulas,
562 2263 616 2304 tarn

133 2328 247 2390 simplici
277 2327 398 2376 oratione
424 2329 616 2388 pronuntiaret.

132 2397 185 2446 Illa
238 2396 351 2446 debebat
394 2397 485 2444 mirari
528 2397 617 2460 potius

134 2467 208 2530 quod
228 2473 296 2514 esset
314 2466 486 2529 quamobrem
500 2478 554 2515 non
569 2466 615 2515 ad-

134 2543 225 2586 essent
250 2535 377 2596 famulae,
412 2551 480 2599 quae
513 2550 615 2598 semper

133 2613 241 2670 praesto
268 2619 326 2654 esse
351 2604 494 2655 debebant-⁴
543 2607 613 2655 Illud

133 2691 199 2724 vero
226 2675 373 2725 rectissime
399 2672 430 2724 G.
459 2676 614 2725 Herman-

132 2759 194 2794 nus
218 2759 271 2792 una
290 2745 457 2804 observavit,
481 2738 527 2804 εἶμ’
551 2746 613 2793 εἴσω

134 2813 185 2863 atsi.
205 2815 371 2866 scribendum
391 2829 457 2875 esse,
482 2823 511 2863 ut
534 2829 614 2864 causa

135 2890 285 2946 constaret,
309 2885 479 2948 quamobrem
498 2887 548 2934 iarn
568 2899 613 2934 va·

135 2970 185 3004 cua
197 2957 318 3018 personis
338 2965 433 3004 scaena
443 2961 520 3002 esset.
547 2955 612 3003 Volt

135 3026 205 3076 enim
233 3025 375 3088 iphigenia
406 3025 458 3072 iam
488 3025 560 3072 intus
584 3027 612 3074 in

135 3097 214 3144 domo
240 3095 343 3154 videre,
372 3109 419 3141 cnr
442 3107 496 3142 non
520 3108 611 3156 proce-

136 3165 200 3213 dant
228 3162 350 3212 famulae.
405 3163 492 3212 Aedes
525 3171 612 3212 antem

136 3233 303 3282 sacerdotum
328 3239 353 3280 et
379 3233 567 3282 aeditimornm
586 3247 612 3280 e-

136 3311 197 3352 rant
220 3303 254 3352 ad
280 3303 391 3365 templa,
415 3305 469 3352 non
499 3305 528 3352 in
547 3305 612 3366 ipsis

136 3372 242 3435 templis
262 3373 381 3421 deorum.

174 3441 200 3489 Vr
229 3442 271 3495 67,
300 3457 358 3504 sqq.
403 3441 457 3490 lam
493 3441 613 3505 sequitur

136 3509 231 3560 altera
244 3526 305 3575 pars
331 3511 437 3574 prologi
457 3511 497 3559 vel
523 3513 612 3575 potins

137 3583 254 3644 prolusio
288 3583 433 3647 quaedam,
466 3596 552 3644 quae,
585 3591 614 3629 nt

137 3651 291 3714 iphigeniae
316 3653 402 3700 oratio
426 3652 512 3715 ipsum
536 3666 613 3714 argu-

137 3729 251 3770 mentum
275 3721 382 3770 fabulae
401 3721 558 3784 descripsit,
576 3724 614 3771 sic

137 3793 266 3840 actionem
292 3793 381 3853 potius
405 3797 546 3855 praeparet
572 3807 613 3851 eo,

137 3863 208 3924 quod
225 3863 338 3924 primum
358 3857 466 3910 Orestes
489 3867 515 3909 et
535 3860 613 3923 Pyla·

138 3929 182 3978 des
201 3932 271 3996 inter
290 3947 317 3980 ee
343 3931 544 3994 colloquuntur,
567 3931 612 3994 qui

137 4001 306 4063 speculantur
330 4001 550 4064 quemadmodum
579 4001 613 4048 si·

138 4085 219 4134 gnum
229 4069 334 4119 Dianae
351 4069 456 4118 anferre
473 4069 614 4119 e'l'aurica

137 4148 208 4190 terra
225 4141 331 4204 possint
347 4154 371 4186 v.
387 4137 514 4192 67-122.
534 4139 612 4188 Post-

128 4216 216 4275 'quam
234 4209 260 4258 hi
281 4226 297 4260 a
321 4223 416 4259 scaena
439 4218 613 4268 recesserunt,

138 4280 235 4330 chorus
254 4279 376 4344 procedit
398 4279 426 4328 in
450 4279 612 4330 orchestram

665 1905 693 1952 in
711 1905 771 1966 ipsa
788 1904 892 1954 Dianae
903 1901 1034 1956 Tauricae
1052 1908 1141 1972 appel·

665 1975 766 2024 latione
785 1977 905 2038 aperiens
930 1978 1026 2039 quibus
1049 1992 1142 2041 perso·

666 2045 708 2092 nis
721 2053 822 2094 constet
833 2046 899 2108 ipse,
911 2047 1044 2110 deinceps,
1059 2049 1103 2097 ubi
1113 2050 1141 2102 in

667 2127 789 2164 scaenam
804 2116 913 2164 advenit
927 2115 1077 2180 iphigenia,
1095 2117 1140 2168 ills

667 2185 838 2248 quamobrem
849 2191 958 2235 vocatus
978 2188 1012 2235 eit
1030 2189 1144 2250 requirit

667 2269 691 2301 v.
711 2252 857 2307 lta-141.
890 2254 1021 2307 Sacerdos
1041 2258 1140 2308 denun-

667 2325 717 2372 tiat
727 2325 808 2374 choro
827 2341 855 2374 se
873 2325 958 2384 fratri,
980 2341 1057 2390 quem
1070 2339 1142 2376 mor-

667 2402 741 2442 tuum
759 2396 786 2442 in
807 2397 910 2445 somnio
928 2396 978 2444 sihi
1004 2398 1062 2446 visa
1086 2404 1143 2446 erat

667 2465 775 2526 vidisse,
793 2464 904 2514 inferias
926 2465 1054 2515 iacturam
1073 2481 1141 2529 esse,

666 2542 692 2583 et
710 2535 815 2596 lugubri
840 2537 955 2584 carmine
982 2537 1032 2584 hoc
1053 2539 1141 2598 ipsum

665 2605 717 2653 iam
736 2605 801 2666 agit,
821 2607 863 2654 cui
882 2609 919 2654 lta
933 2606 1065 2655 subservit
1077 2607 1141 2656 cho·

664 2689 719 2734 rus,
740 2683 768 2731 nt
785 2675 843 2736 ipse
862 2690 968 2739 quoqne
995 2676 1142 2726 cumulatas

665 2743 851 2806 Pelopidarum
877 2747 997 2795 miserias
1021 2746 1141 2808 deploret

664 2813 863 2866 v.14‘2*194.
905 2815 981 2864 Hunc
1005 2829 1096 2864 rursus
1116 2816 1141 2865 1·

662 2884 790 2946 phigenia
800 2886 839 2932 ita
857 2885 1007 2949 excipit,·ut
1018 2885 1141 2935 miseram

663 2955 861 3014 condicionem,
882 2969 933 3018 qua
952 2955 1073 3004 victimas
1091 2955 1140 3004 hu·

662 3039 754 3072 manas
769 3025 904 3086 suscipere
918 3033 1010 3077 coacta
1021 3026 1064 3085 sit,
1075 3040 1140 3088 que·

663 3101 737 3142 ratur
762 3101 906 3156 auctasque
924 3107 1065 3144 aerumnas
1084 3107 1140 3142 sor-

663 3165 697 3212 tis
721 3178 784 3211 suae
811 3177 870 3211 esse
898 3165 970 3212 dicat
996 3179 1041 3225 eo,
1068 3163 1141 3228 qnod

664 3233 717 3282 lam
742 3231 850 3282 fratrem
878 3233 1019 3297 deplorare
1045 3232 1139 3284 debeat

663 3316 689 3352 v.
709 3301 855 3356 195-226.

697 3441 731 3489 V.
750 3440 797 3494 67.
830 3437 1005 3503 φυλάσσου
1033 3436 1168 3507 μήνιε,

663 3507 697 3558 ἐν
724 3509 826 3574 στίβῳ
859 3509 1010 3574 βροτοῖο]
1061 3507 1139 3568 Quod

663 3579 729 3628 Elm
738 3582 845 3630 aleius
861 3581 904 3637 hic
915 3576 1031 3642 φόλοσσσ
1048 3581 1139 3644 potins

655 3665 741 3712 *qnam
769 3649 907 3711 φυλάσσου
929 3651 1021 3700 'scribi
1054 3651 1140 3699 voluit

661 3720 759 3769 adlatis
778 3721 881 3769 dnobus
906 3721 984 3778 locis,
1008 3735 1060 3768 nno
1080 3721 1139 3769 Eu·

663 3791 792 3853 ripidis
820 3791 852 3840 de
881 3791 964 3855 lphig.
996 3791 1054 3842 Aul.
1079 3789 1139 3842 145.

664 3860 763 3916 hacce,
783 3859 931 3924 φυλάσσων,
953 3857 987 3925 μή
1007 3863 1043 3908 ris
1057 3872 1085 3906 σε
1096 3855 1138 3906 λά-

663 3929 702 3992 dp
722 3929 784 3989 nra,
811 3933 895 3980 altero
917 3930 1105 3992 Xenophontis
1124 3942 1139 3975 e

664 3997 766 4050 Graeca
786 4001 901 4050 historia
923 4001 956 4052 V.
974 3999 1000 4060 4,
1021 3996 1063 4048 28.
1091 4001 1138 4044 τοῦ

656 4065 686 4116 -d'
705 4065 810 4133 ὄρθρου
828 4065 941 4120 evectos
962 4062 1137 4129 ecpv‘lurteppr}

663 4135 732 4202 λάθῃ
743 4134 824 4188 ου’τάν
839 4136 853 4189 ά
864 4136 946 4202 πατὴρ
958 4132 1090 4198 ἐξελθών,
1109 4136 1136 4184 ld

664 4225 811 4274 quanquam
849 4220 933 4272 nuper
967 4212 1001 4256 A.
1035 4203 1137 4256 Neue·

661 4280 735 4330 kias
746 4283 854 4344 recepit,
864 4287 951 4329 nmen
961 4276 1067 4326 minime
1075 4290 1147 4359 poa:
