2806 4782
285 371 398 437 111211*
399 373 545 436 ΕΝΕΙΑ
570 374 614 438 Η
635 374 704 439 ΕΝ
731 371 957 468 ΤΑΥΡΟΙΣ.
1068 389 1127 454 107

469 543 508 604 Π
522 541 771 607 ΥΛΑΔΗΣ.

209 636 357 716 ἄνοστος
382 641 470 720 εἴην·
499 645 530 705 τί
559 643 593 706 δὲ
622 640 673 717 σύ,
697 642 742 722 μὴ
773 643 905 710 ow‘oooo‘
934 673 990 728 μες
1069 719 1072 724 ,

268 806 271 809 ,
458 743 548 807 itit!
557 743 590 807 Γ
597 743 668 806 ΕΝ
676 745 706 807 Ε
712 747 783 810 ΙΑ.

207 837 336 924 μήποτε
362 839 436 905 κατ’
461 839 584 924 Ἄργος
610 840 686 921 ζῶσ’
716 842 808 927 ἰ’χνος
834 848 935 924 nisime
963 847 1078 924 ποδός.

467 945 506 1007 ΙΙ
524 944 763 1010 ΥΛΑΛΗΣ.

208 1035 310 1106 ἄκουε
338 1039 378 1120 δὴ
406 1044 469 1107 νῦν
496 1039 536 1108 ὃν
564 1040 791 1127 παρήλθομεν
816 1041 931 1127 λόγον.

445 1147 463 1209 1
478 1145 579 1210 wis
583 1145 659 1210 EN
664 1147 771 1211 EIA.

209 1237 284 1304 ἀλλ’
316 1229 426 1319 αὖθις
452 1249 543 1309 ἔσται
571 1243 698 1322 καινός,
724 1241 768 1323 ἢν
794 1245 901 1320 καλῶς
927 1249 993 1336 Ιχῃ.

468 1347 503 1410 11
520 1347 588 1412 ΥΛ
604 1347 633 1410 A
643 1353 668 1411 A
681 1347 772 1411 ΗΣ.

107 1436 182 1524 755
210 1439 378 1522 ἐξαίρετόν
403 1469 462 1526 μοι
488 1445 546 1522 δὸς
575 1445 660 1523 τόδ’,
686 1441 728 1524 ἤν
756 1470 787 1510 τι
812 1447 895 1522 ναῦς
922 1444 1032 1540 πάθῃ,
1067 1460 1129 1522 740

204 1539 247 1625 χὴ
276 1545 387 1620 δέλτος
414 1552 449 1609 ὲν
476 1545 619 1612 κλύδωνι
642 1546 823 1632 χρημάτων
852 1555 934 1628 μέτα

208 1640 349 1730 &pavie
373 1653 517 1727 γένηται,
546 1649 641 1733 σῶμα
669 1645 700 1712 δ’
730 1643 860 1713 taedeo
888 1644 1006 1730 μόνον,

208 1744 270 1810 τὸν
297 1741 402 1830 ὅρκον
430 1746 516 1812 εἶναι
543 1745 639 1814 τόνδε
665 1745 777 1830 μηκέτ’
806 1750 959 1832 ἔμπεδον.

440 1840 653 1914 ΙΨΙΓΕΝ
665 1851 772 1916 a'iA.

208 1942 284 2009 ἀλλ’
315 1944 411 2012 οἶσθ’
436 1945 453 2012 ὃ
484 1949 614 2034 ipsium
641 1946 748 2016 πολλὰ
777 1946 842 2033 γὰρ
868 1949 1000 2014 πολλῶν
1027 1959 1128 2031 κυρεῖ·

93 2039 180 2126 Υ760
209 2044 358 2112 τάνόντα
387 2047 644 2136 κάγγεγραμμέν’
674 2057 709 2116 ἐν
737 2053 853 2118 δέλτου
880 2060 1021 2134 πτυχαῖς
1067 2061 1129 2124 745

180 2241 208 2290 V·
227 2241 285 2296 739.
322 2237 373 2292 ἀλλ’
391 2235 465 2296 αὖτις
482 2245 553 2296 ἔσται
572 2245 663 2296 καινόν
679 2248 755 2307 libri,
782 2237 868 2309 saone
886 2245 1020 2308 scripture
1036 2249 1130 2297 rectis·

106 2311 175 2360 sime
194 2327 223 2360 se
243 2313 334 2376 hebet,
356 2329 514 2380 quamquam
532 2318 617 2366 critici
637 2317 692 2367 fere
712 2330 804 2367 omnes
823 2329 880 2364 eam
898 2325 1052 2378 corruptam
1072 2333 1130 2368 esse

107 2383 359 2443 pronuntiaverunt.
380 2385 447 2434 Vide
465 2386 524 2434 ado.
543 2393 645 2449 exeget.

181 2448 208 2499 V.
228 2451 287 2502 742.
322 2449 430 2500 ὀκοώοω
449 2455 534 2503 (todo.
555 2455 577 2504 B
597 2455 650 2521 [0].
669 2451 775 2504 ἐκδώσω
794 2453 909 2503 Aldus.

180 2519 208 2636 Vt·
229 2519 287 2574 744.
324 2522 428 2570 πολιοῖοῚ
446 2523 600 2575 dubitanter
617 2525 760 2590 proposuit
777 2521 955 2573 Nauoki'us.
984 2518 1050 2570 Vide
1066 2523 1129 2575 ado.

109 2601 194 2650 exege
207 2623 213 2636 .

106 2724 246 2788 pedivisse
265 2728 532 2791 quamexpedivisse'
546 2732 594 2780 mi·
685 2731 719 2778 V.
748 2727 807 2784 741.
842 2725 1012 2793 χρημάτων
1037 2726 1129 2793 μέτα]

107 2795 137 2843 hi
151 2795 267 2845 videtur.
291 2796 350 2846 Hoe
361 2796 426 2846 dieit
438 2798 595 2864 Iphigenia:
645 2813 688 2850 res
708 2814 770 2849 suas
789 2799 855 2848 dicit
873 2813 939 2862 quas
951 2799 1032 2848 habet
1044 2799 1070 2856 in
1083 2813 1131 2849 na·

108 2867 152 2912 At
188 2880 303 2915 rursus
334 2867 400 2915 erit
429 2868 595 2932 integra
644 2884 677 2917 ve
702 2884 788 2932 eoque
810 2868 911 2916 indicat
935 2883 964 2918 se
988 2869 1130 2930 epistolem

107 2935 224 2998 (nova)
245 2936 332 2985 oratio
359 2943 416 2985 tua
442 2945 499 2986 aut
525 2941 607 3005 res‚¹
644 2937 804 3002 Iphigeniae
817 2945 871 2986 tam
886 2935 1030 3000 diligenter
1042 2945 1130 2986 eusto-

107 3018 206 3068 qoam
224 3004 328 3070 dieis,
351 3006 526 3058 dummodo
545 3024 593 3058 re·
645 3006 762 3056 diturum
782 3020 842 3055 esse
861 3020 940 3068 quem
959 3021 1001 3056 res
1021 3021 1083 3055 suas
1105 3012 1131 3054 et

107 3078 164 3122 cte
193 3089 227 3123 se
253 3075 387 3137 habaet,
417 3075 445 3124 id
468 3085 509 3126 est
531 3079 593 3128 aliis
644 3083 698 3125 tum
712 3076 816 3126 demum
831 3075 987 3138 exceptione
999 3089 1039 3136 es,
1052 3088 1131 3137 quam

107 3142 216 3206 quidem
253 3144 343 3210 verbis
380 3149 593 3208 pronuntiatum:
643 3147 776 3209 postulat,
796 3158 919 3212 osorum,
943 3145 965 3192 si
987 3144 1132 3206 diiigenter

108 3207 594 3280 Atrursuseritresintegr'a
644 3215 671 3264 id
693 3215 796 3264 feeerit.
833 3212 914 3262 Reete
938 3211 1131 3262 Seidierusi
1179 3214 1185 3222 “

107 3283 202 3330 inter
229 3297 300 3345 nos,
328 3285 355 3334 si
385 3285 480 3334 modo
509 3286 595 3335 bone
644 3284 764 3349 Ληουὶν,
782 3283 876 3345 inquit,
901 3280 1028 3344 ,Pylades
1047 3282 1130 3344 magis

108 3352 187 3400 erit.
220 3351 363 3416 Iphigenia
380 3353 423 3403 his
443 3355 531 3404 verbis
550 3355 594 3404 de·
644 3354 724 3402 etiem
750 3365 829 3401 outae
854 3350 905 3399 sibi
930 3349 1005 3411 iore,
1030 3351 1130 3414 episto·

109 3419 196 3470 elatat
218 3436 248 3471 se
266 3437 404 3486 aequum
424 3430 451 3472 et
476 3425 594 3474 bonum
645 3423 698 3472 iam
723 3427 752 3468 ut
772 3426 860 3468 servet
886 3434 964 3484 quam
987 3433 1030 3468 res
1049 3421 1130 3477 auas‘,

108 3491 200 3553 potius
213 3498 335 3552 spectare
343 3507 421 3557 quam
442 3494 594 3543 strictam
645 3497 672 3540 st
685 3489 831 3552 significari
844 3488 896 3539 hoe
907 3491 977 3538 idem
990 3490 1028 3538 ait
1041 3492 1132 3541 verbis

108 3561 178 3609 iuris
196 3559 389 3624 formulam,
409 3577 462 3625 qua
480 3563 550 3612 inter
567 3577 595 3612 se
646 3560 761 3624 proximi
780 3572 885 3608 versute
917 3559 1006 3619 σῶμα
1033 3556 1061 3609 δ’
1091 3557 1131 3610 ἐκ·

109 3630 191 3682 modo
211 3630 374 3681 iuraverant.
411 3629 503 3681 naevos
521 3632 595 3682 adie·
647 3625 722 3680 σώσω
741 3623 853 3688 μόνον.

109 3701 210 3748 etivum
230 3701 299 3749 hanc
318 3701 416 3750 habere
434 3702 486 3752 vim
502 3717 534 3751 eo
549 3718 595 3766 po·
682 3699 715 3747 V.
732 3697 790 3750 744.
812 3693 910 3746 πολλὰ
933 3693 991 3760 γὰρ
1011 3699 1132 3748 πολλῶν

109 3775 233 3818 testatem
252 3785 331 3820 nemo
350 3771 458 3833 negabit
477 3773 521 3836 qui
543 3787 596 3822 me·
648 3767 756 3831 sepsi]
800 3766 983 3818 Proverbiaiis
1023 3769 1132 3818 locutio.

109 3839 219 3886 minerit
249 3837 277 3886 ὲκ
310 3838 402 3903 καινῆς
433 3839 596 3891 Graecorum
649 3853 717 3903 quaa
750 3839 830 3888 etiam
861 3835 1077 3903 adiitterationel,
1104 3843 1134 3886 ut

109 3907 190 3970 piene
217 3907 376 3959 Latinorum
401 3910 441 3961 de
463 3911 597 3974 integro
649 3907 782 3960 ferefitin
801 3908 962 3971 proverbiis,
981 3909 1132 3966 adiuvatur,

110 3977 283 4038 respondere.
649 3979 744 4041 eoique
757 3985 874 4028 nostram
884 3977 1039 4026 formulam:
1060 3974 1133 4020 Viei

145 4045 179 4093 V·
194 4045 255 4099 740.
275 4044 448 4110 ἐξαίρετόν
465 4064 519 4109 μοι
540 4044 597 4098 δὸν
650 4047 733 4096 hiiit
755 4047 836 4108 viel,
864 4053 935 4095 reeta
961 4041 1134 4094 adsimulavit

110 4109 198 4178 τόδ’]
230 4116 388 4180 Respondet
413 4118 478 4182 ipsis
507 4118 596 4168 verbis
649 4115 836 4166 Seidierus.
880 4115 930 4163 Est
961 4127 1025 4177 quo
1055 4111 1133 4174 pius

109 4185 222 4234 Latino:
250 4186 498 4251 Exceptionem
518 4188 595 4246 mihi
649 4186 771 4246 iacies,
804 4199 840 4234 eo
874 4184 951 4246 plus
983 4181 1133 4232 efficies.

108 4255 194 4304 hene
225 4255 270 4308 da.
648 4255 744 4319 Neque
763 4254 908 4318 quidquem
927 4251 1091 4302 mutandum.
