2806 4782
290 329 349 396 106
627 331 948 426 nrrrnrnor

627 500 956 567 ΙΦΙΓΕΝΕΙΑ.

383 599 499 668 δώσοιν
525 604 628 684 λέγειν
653 599 716 682 χρὴ
748 599 847 680 τήνδι
879 613 952 678 τοῖς
976 607 1068 684 incid
1094 597 1227 692 φίλοιο.Ι

644 705 679 766 H
698 703 765 766 ΥΛ
775 703 806 766 Α
815 705 886 768 ΔΗ
894 702 940 768 Σ.

386 811 459 878 τοῖς
484 813 556 878 σοῖς
581 803 707 890 φίλοισι
731 799 895 892 γράμματ’
926 799 1092 871 ἀποδώσω
1117 802 1207 868 τάδε.
1241 812 1299 874 730

626 903 647 968 I
657 903 762 968 diii*
769 904 840 966 EN
849 905 900 968 ΕΙ
910 907 954 969 Α.

287 999 359 1076 745
386 998 477 1086 κάγώ
505 1005 540 1069 σὲ
564 999 656 1068 σώσω
683 1003 839 1078 Κυανέας
866 1003 924 1081 ἔξω
953 1012 1086 1090 πέτρας.

643 1107 679 1168 Π
696 1103 764 1169 ΥΛ
774 1105 887 1168 ΑΔΗ
897 1105 942 1170 Σ.

387 1201 449 1270 τίν’
481 1191 543 1268 οὖν
570 1200 714 1287 ἐπόμνυς
741 1201 857 1269 τοισίδ’
893 1199 1009 1288 ὅρκιον
1038 1204 1150 1283 ώιώνς

324 1385 331 1395 ¹
637 1305 769 1370 imis
776 1306 804 1369 Ε
811 1305 846 1369 Ν
853 1306 904 1369 ΕΙ
914 1305 957 1372 Α.

374 1391 549 1487 ”Αρτι’μιν,
576 1411 611 1470 iv
636 1397 738 1490 ι’,ςιιιρ
765 1401 915 1489 δώμασιν
940 1402 1038 1488 τιμὰς
1064 1410 1134 1490 ἔχοι.

650 1511 685 1572 ΙΙ
702 1507 890 1572 ΥΛΑΛΗ
897 1505 944 1571 Σ.

384 1600 445 1688 ἐγώ
470 1597 504 1668 ’δ’
534 1597 667 1672 ἄνακτά
694 1604 727 1689 y'
759 1605 918 1689 οὐρανοῦ,
945 1604 1068 1690 σεμνὸν
1095 1607 1165 1674 Δία.

632 1710 653 1771 Ι
662 1709 723 1772 Φ]
730 1709 764 1773 Γ
770 1709 841 1772 ΕΝ
847 1710 900 1772 ΕΙ
910 1709 952 1774 Α.

286 1801 358 1878 753
385 1810 413 1872 ei
439 1802 470 1870 δ’
502 1803 643 1873 ἐκλιπών
670 1805 730 1874 τὸν
756 1804 859 1898 ὅρκον
886 1808 1036 1886 ἀδικοίης
1063 1811 1134 1890 ἐμὲ,
1241 1815 1298 1879 735

355 2038 384 2087 V.
405 2037 464 2091 729.
487 2044 561 2087 icius
579 2037 736 2102 Iphigeniae
755 2045 795 2088 est
813 2039 841 2088 in
864 2038 949 2088 libris.
969 2038 1072 2088 Aldus
1098 2034 1175 2087 δώσω
1195 2037 1299 2102 Pyladi,

285 2115 374 2157 cetero
395 2107 552 2170 Iphigeniae
576 2107 693 2158 dederat.
718 2104 795 2157 δώσω
821 2108 891 2157 libri.
916 2104 1010 2156 δώσειν
1033 2107 1065 2158 G.
1088 2107 1297 2158 Dindorfius.

285 2174 378 2226 δώσειν
395 2175 572 2226 ΝοιιοΙιίοτ.

356 2245 385 2296 V.
405 2244 464 2298 732.
502 2243 611 2309 Pyladis
630 2245 716 2295 estin
740 2245 824 2299 libris.
844 2247 933 2300 Oresti
956 2246 1050 2298 tribuit
1067 2247 1180 2296 Aldus.
1208 2237 1297 2296 τοισίδ’

284 2315 512 2368 Muriiunuus.
530 2321 611 2362 τοῖσιν
629 2315 698 2364 libri.

356 2383 385 2432 V.
398 2383 457 2436 733·
482 2381 511 2432 ἐν
529 2379 620 2444 αι’στιερ
633 2374 725 2448 (ἧσπερ
744 2386 777 2434 ab
790 2387 836 2436 uit.
848 2388 896 2445 m.)
909 2385 975 2439 cod.
991 2385 1021 2435 Β.
1039 2383 1068 2434 δν
1087 2375 1169 2449 ἦστιορ
1189 2385 1259 2438 eod.
1271 2380 1297 2434 G·

352 2450 384 2502 V.
404 2451 463 2504 734.
498 2447 619 2517 ἀνάκτορ’
637 2455 763 2518 proponit
780 2454 963 2508 Nauckius.

284 2621 325 2669 bo
343 2619 429 2668 iuris
454 2619 592 2670 iurandi
618 2623 708 2673 cuius
729 2623 763 2672 ii·
815 2625 901 2675 stolae
915 2625 1109 2674 montrstione
1125 2623 1153 2672 id
1169 2623 1244 2687 quod
1261 2621 1297 2670 di-

284 2691 352 2749 bet,
373 2689 458 2752 quod
474 2691 561 2751 pium
578 2691 631 2739 sii.
816 2695 852 2744 cit
860 2695 1008 2752 adiuvaret,
1020 2694 1096 2756 qussi
1105 2691 1201 2742 Latine
1211 2693 1295 2742 dices:

320 2756 420 2810 V·729.
447 2751 765 2828 ’δώσώ’λὲγεινχρή,
815 2757 986 2812 'Reddam’
1017 2763 1129 2811 dicere
1163 2763 1297 2824 oportet

284 2823 377 2889 τήνδε
409 2829 478 2875 τοῖν
511 2825 602 2888 ἐμοῖο
636 2829 763 2894 φίλοιν]
816 2847 909 2895 nempe
941 2833 1029 2881 huno
1058 2831 1131 2896 (dum
1158 2830 1296 2894 epistolem

284 2894 330 2944 Sic
347 2897 413 2947 haec
432 2897 512 2946 verbu
531 2899 559 2945 in
577 2897 653 2946 libris
673 2900 765 2962 legun·
815 2902 957 2967 monstrat)
982 2901 1063 2950 meis
1088 2901 1221 2951 amicis.
1254 2898 1296 2947 Sic

283 2973 335 3027 tur,
354 2980 421 3030 quae
440 2966 517 3014 facile
535 2967 568 3016 ud
588 2974 706 3017 nostram
725 2968 765 3017 di·
815 2971 894 3020 etium
920 2987 944 3021 v.
965 2969 1008 3022 23.
1036 2969 1130 3018 verbe:
1158 2965 1187 3017 τδ
1216 2966 1295 3018 καλλι·

283 3034 360 3084 cendi
399 3035 529 3083 rationem
571 3038 766 3086 accommodari
818 3045 904 3087 οιιῑον
921 3040 957 3087 eir
983 3033 1023 3098 ἔμ’
1047 3032 1201 3102 ἀναφέρων,
1225 3037 1295 3102 Iphi·

175 3117 177 3122 ·
282 3119 374 3169 posse,
401 3111 431 3152 nt
457 3110 504 3153 ιιοι
522 3106 635 3155 scribes:
662 3099 766 3154 ‘daiam'
817 3110 897 3170 genis
918 3109 946 3156 in
968 3109 1056 3158 aliene
1076 3109 1198 3157 cretione
1216 3109 1295 3158 inter·

282 3173 365 3238 ὶὲγειν
382 3170 430 3238 χρή
455 3169 544 3235 ’τήνδε
563 3180 629 3223 ιοῑσι
648 3181 705 3224 σοῖς
724 3178 766 3236 pi·
816 3179 893 3240 ponit
917 3179 1009 3226 durius
1035 3192 1114 3240 quem
1139 3191 1186 3226 nos
1209 3177 1296 3226 fecere

282 3238 358 3302 ioer',
371 3250 426 3295 unt:
449 3240 542 3292 δώσειν
551 3244 633 3308 λέγειν
641 3241 689 3309 χρή
707 3243 764 3309 τήν·
816 3248 1004 3295 consuevimus
1016 3248 1250 3308 orationenostre,
1260 3244 1295 3292 vi-

283 3310 311 3361 δο
335 3319 389 3362 mis
413 3310 485 3372 δμοῖι
509 3301 605 3374 priore*
616 3322 662 3365 eut
679 3316 765 3365 simile
816 3316 891 3366 dead
907 3330 965 3364 eum
981 3316 1067 3364 iocum
1082 3316 1211 3365 adnotate
1229 3327 1295 3379 quae

283 3383 349 3445 quid
365 3385 500 3445 restituas,
518 3392 636 3448 apparet.
656 3383 709 3434 Sed
724 3393 763 3434 ιο·
815 3392 876 3434 sunt
894 3401 919 3447 p.
940 3384 982 3436 23.
1019 3384 1081 3434 Non
1106 3386 1184 3434 aliter
1208 3385 1295 3434 iocum

281 3463 341 3499 men
353 3451 463 3501 diiiioiie
476 3463 517 3502 est
531 3455 675 3517 quidquam
688 3469 763 3517 pree·
811 3455 917 3504 videtur
927 3451 959 3502 G.
970 3454 1294 3516 normannusinteile·
1338 3469 1339 3472 ¹

283 3523 354 3566 stsre
373 3529 527 3583 propterea,
552 3525 623 3586 quod
647 3525 672 3570 in
693 3525 762 3572 eius-
811 3525 894 3584 nisse,
914 3523 960 3587 qui
978 3523 1083 3585 quidem
1094 3525 1222 3572 librorum
1233 3522 1294 3572 scri·

281 3586 354 3634 modi
368 3588 434 3637 locis
450 3597 543 3639 nostre
554 3593 623 3640 ratio
643 3593 762 3657 eliquen-
813 3603 916 3658 pturem
951 3594 1009 3641 sine
1038 3593 1093 3642 ulio
1129 3592 1294 3643 dubitatione

282 3658 337 3701 tum
350 3668 366 3702 ιι
379 3653 667 3709 Graecorumdicendi
680 3664 762 3711 ratio·
812 3652 931 3712 retinuit.
961 3660 1062 3726 Scripsi
1081 3669 1168 3711 tomen
1188 3668 1294 3713 auctore

282 3735 316 3771 ne
339 3723 489 3788 discrepare
515 3728 627 3780 videtur.
670 3730 765 3782 Potuit
813 3731 847 3782 G.
867 3731 1045 3781 Dindoriio
1065 3728 1166 3784 δώσειν.

282 3791 351 3840 enim
365 3790 508 3856 Iphigenia
521 3792 597 3844 δώσω
609 3799 713 3861 quidem
725 3803 764 3850 iia

188 3899 189 3902 η
282 3861 386 3926 praeire
411 3860 543 3925 Pyindae,
575 3872 604 3913 ut
628 3867 655 3914 id
678 3870 775 3931 ipsum¹
851 3869 884 3918 V.
903 3868 963 3923 739.
993 3863 1053 3917 ἀλλ’
1077 3860 1293 3918 αὔδα-ἔσται

281 3931 390 3981 verbum
403 3931 517 3981 iurando
537 3935 706 3998 exprimeret,
725 3952 764 3985 re·
815 3936 928 3986 saurais
958 3937 1023 4002 ταώ]
1062 3937 1143 3988 Falso
1174 3939 1293 4003 pieriqne

281 4001 380 4064 liquam
399 4009 486 4049 nutem
509 4005 659 4052 orationem
684 4006 765 4070 λέγειν
814 4008 1087 4071 grammaticidehac
1105 4009 1292 4072 scripturedn·

281 4067 329 4134 χρὴ
348 4067 424 4134 τήνδο
441 4075 496 4119 τοῖο
518 4067 588 4131 ἐμοῖο
606 4074 692 4134 φίλοιν
709 4091 764 4126 non
814 4078 967 4128 bitavernnt
981 4077 1292 4141 prseterSeidlcrum‚

280 4142 308 4188 in
326 4140 436 4190 citerius
454 4154 579 4206 persona,
605 4143 652 4192 sed
670 4145 697 4194 in
716 4161 764 4196 sus
813 4149 858 4212 qui
868 4155 939 4196 recte
950 4149 1056 4198 videinr
1066 4149 1152 4197 locum
1163 4147 1292 4210 percepis·

280 4212 463 4275 pronuntiare,
482 4213 536 4275 iis,
559 4217 589 4261 nt
611 4213 689 4264 etiem
710 4218 764 4278 epi·
813 4233 848 4282 se,
862 4219 907 4268 scd
920 4218 1079 4280 explicando
1089 4231 1145 4266 rem
1153 4216 1238 4279 megin
1247 4216 1292 4264 im·
