2790 4774
258 330 299 392 10
607 319 914 390 PROOEMIUM.

256 495 346 583 apud
366 500 590 580 spectatores,
621 514 689 556 non
719 490 918 578 patrandum
940 493 1015 558 fuit.
1067 493 1109 558 Id
1130 504 1279 581 poterat,

257 594 296 648 ut
334 580 377 648 G.
414 579 679 647 Hermannus
716 587 805 644 reete
842 579 1003 646 iudicavit
1037 579 1071 644 in
1108 582 1213 667 praef.
1244 604 1279 666 p.

257 667 431 747 XXVll.,
455 663 635 752 dupliciter
655 663 739 744 fieri,
762 675 800 729 ut
821 675 879 730 aut
900 665 995 749 quasi
1016 666 1142 730 laetum
1164 689 1280 732 narras

257 765 369 836 retur,
400 751 434 816 id
458 748 550 834 quod
577 751 702 814 factum
725 771 797 815 esse
820 750 969 816 videmus
992 751 1026 816 in
1049 751 1113 816 bac
1142 753 1280 836 quidem

259 850 406 907 extrema
426 845 518 924 parte
542 836 694 918 fabulae,
728 857 814 918 qnae
835 859 924 902 nune
946 847 999 902 est
1021 837 1189 921 inlibris,
1220 849 1281 904 aut

257 935 426 1010 mmquam
447 923 594 988 futurum
613 919 826 1005 indicaretur,
850 945 947 1007 quam
965 923 1126 990 rationem
1142 925 1193 989 illi
1209 925 1280 990 iere

258 1012 436 1077 voluerunt
458 1008 551 1090 iniri,
583 1008 640 1092 qui
670 1008 859 1072 testimonio
889 1009 966 1074 ireti
993 1010 1190 1093 Aeliani,
1222 1011 1281 1094 qui

258 1099 294 1162 in
321 1095 399 1161 hist.
432 1093 529 1159 anim.
560 1091 642 1159 VII.
667 1095 719 1158 39.
748 1095 814 1160 vol.
836 1095 864 1162 1.
896 1118 929 1181 p.
962 1097 1034 1162 173.
1063 1095 1116 1162 ed
1146 1097 1280 1163 Iacobs

261 1183 344 1249 haec
366 1180 484 1246 habet:
508 1177 526 1244 ὁ
550 1180 587 1246 δὲ
609 1177 794 1266 Εὐριπίδης
815 1187 851 1248 ἐν
872 1184 914 1273 τῇ
931 1179 1126 1268 Ἰφιγενείᾳ·
1188 1229 1191 1234 -
1276 1211 1277 1214 “

367 1319 497 1416 &lappe
518 1313 551 1381 δ’
575 1313 846 1421 Ἀχαιῶνθχιρσὶν
866 1313 1004 1418 ἐνθήσω
1028 1319 1145 1420 pltare
1261 1395 1269 1402 .

370 1423 569 1489 κιρουσοαν,
591 1401 634 1481 ὴν
656 1402 842 1489 σφαζοντες
863 1403 1047 1491 eugancum
1070 1427 1153 1494 ona

368 1484 511 1580 σφάζειν
533 1489 718 1572 θυγατέρα.

261 1608 297 1674 in
318 1631 358 1674 ea
379 1609 546 1674 sententia
567 1605 713 1688 fuerunt,
736 1614 775 1670 ut
797 1603 945 1674 dicerent
966 1607 1090 1672 exitum
1113 1607 1215 1674 huius
1235 1610 1283 1674 fa·

262 1695 379 1778 bulae,
410 1693 468 1776 qui
490 1692 568 1776 olim
590 1691 724 1774 fuisset,
748 1691 859 1775 aliquo
882 1713 959 1759 casu
981 1693 1086 1758 videri
1109 1694 1282 1778 amissum,

262 1780 352 1847 hunc
374 1790 502 1860 autem,
534 1777 591 1862 qui
613 1800 701 1842 nunc
724 1789 811 1842 esset
840 1777 1003 1862 inlibris,
1036 1802 1098 1868 pro
1120 1803 1203 1846 vero
1225 1782 1283 1847 illo

263 1889 335 1933 esse
359 1865 590 1952 suppositum,
613 1863 687 1928 illos
710 1871 820 1928 autem
842 1885 976 1941 versus,
1009 1887 1094 1950 quos
1117 1868 1282 1933 Aelianus

217 1975 222 1986 ·
248 1952 426 2034 adferret,
449 1951 484 2015 in
507 1948 744 2034 priore'fuisse
766 1949 898 2014 fabulae
921 1949 1029 2032 exitu,
1063 1951 1095 2016 in
1120 1975 1190 2036 quo
1215 1977 1283 2018 non
1362 2023 1364 2028 ,

264 2040 400 2104 nuntius
423 2035 464 2100 de
486 2035 551 2100 illis
573 2035 692 2118 rebus,
722 2057 806 2118 quae
830 2036 864 2099 in
897 2036 1121 2103 immolatione
1144 2037 1282 2126 Iphige-

263 2124 338 2190 niae
360 2125 469 2188 iactae
491 2130 614 2203 essent,
636 2130 671 2185 et
692 2119 733 2184 dc
753 2122 828 2206 ipsa
850 2121 1026 2208 Iphigenia
1047 2123 1196 2190 a·Diana
1211 2148 1282 2191 ser-

264 2222 342 2277 vata
364 2208 532 2274 rettulisse
554 2205 733 2288 videretur,
765 2204 826 2272 sed
849 2207 958 2272 Diana
981 2209 991 2271 i
1017 2231 1053 2273 sa
1076 2209 1281 2294 advenisset,

264 2305 302 2360 ut
330 2296 440 2381 prius,
479 2315 578 2378 quam
607 2292 677 2357 iilia
704 2293 942 2377 immolaretur,
972 2233 1282 2382 'tllytaemoessram

264 2379 493 2446 consolaretur
520 2402 582 2461 ec,
615 2377 704 2463 quud
734 2401 819 2464 quae
847 2379 920 2478 ipsa
954 2381 1082 2445 iactura
1120 2394 1211 2448 esset
1251 2385 1283 2448 ei

288 2465 488 2546 raedieeret,
526 2485 624 2548 quam
663 2463 797 2547 quidem
835 2467 1023 2550 opinionem
1063 2478 1201 2533 auctore
1240 2470 1281 2534 R.

266 2491 458 2616 l²0rson0
482 2551 687 2634 grammatici
709 2550 908 2620 recentiores
922 2552 1017 2617 multi
1036 2555 1169 2637 sequuti
1190 2561 1281 2620 suunt.

268 2634 427 2700 Difficilis
450 2656 530 2700 sane
552 2656 592 2698 ao
613 2633 741 2700 lubrica
764 2637 931 2718 quaestio,
961 2660 1046 2722 quae
1067 2639 1125 2704 vix
1149 2639 1281 2706 videtur

265 2723 313 2786 ita
342 2721 496 2806 componi
526 2740 642 2806 posse,
674 2730 711 2784 ut
739 2722 845 2786 omnis
871 2721 1040 2789 dubitatio
1068 2725 1281 2809 excludatur,

266 2807 364 2892 quia,
407 2805 606 2891 quamquam
643 2807 752 2870 omnia
779 2829 851 2872 com
878 2808 995 2894 robure
1034 2833 1098 2876 non
1130 2835 1281 2897 possum,

267 2892 408 2979 quaein
430 2892 511 2973 hoc,
535 2892 591 2977 qui
613 2914 702 2956 nune
724 2901 794 2974 est,
824 2832 954 2960 fabulae
977 2896 1069 2960 exitu
1092 2897 1283 2982 vituperata

267 3003 287 3046 a
307 2978 431 3045 criticis
453 2977 551 3055 sunt,
578 2987 689 3042 tamen
711 2978 790 3042 mihi
815 3001 947 3064 quoque
971 2983 1003 3046 in
1028 2982 1165 3070 eo-ipso
1188 2985 1282 3050 fabu-

265 3067 318 3132 lae
342 3063 437 3150 quasi
455 3063 591 3150 epilogo
613 3063 717 3130 multa
738 3064 847 3130 inesse
869 3065 1038 3144 videntur,
1063 3090 1148 3151 quae
1173 3075 1283 3156 suspi-

268 3152 397 3218 cionem
420 3160 590 3232 moveant,
621 3160 658 3213 ut
679 3173 812 3231 verear,
842 3175 926 3235 quae
949 3154 983 3218 in
1006 3154 1063 3218 illo
1085 3156 1194 3220 minus
1218 3157 1284 3221 ele-

267 3248 385 3324 ganter
406 3237 506 3324 atque
529 3236 699 3300 emendate
723 3236 847 3322 scripta
867 3248 961 3320 sunt,
993 3261 1034 3304 ne
1059 3262 1098 3302 ea
1119 3261 1188 3305 non
1214 3265 1283 3306 om-

267 3325 323 3387 nia
345 3324 386 3387 ab
409 3321 618 3388 librariorum
640 3322 860 3410 negligentia,
889 3325 983 3390 culus
1013 3323 1284 3408 quide'm‘mnlta

266 3407 300 3471 in
322 3407 389 3472 illis
411 3408 503 3473 libris
526 3431 593 3472 non
616 3408 768 3493 optimis,
803 3409 836 3472 in
860 3410 978 3492 quibus
1000 3409 1082 3475 haec
1104 3411 1218 3478 fabula
1241 3414 1283 3478 ad

266 3502 412 3557 nostram
435 3502 576 3558 aetatem
598 3492 730 3579 prodita
750 3502 813 3575 est,
837 3493 1109 3580 deprehendimus
1126 3500 1283 3585 vestigia,

268 3586 359 3658 orta,
382 3577 442 3642 sed
468 3577 534 3661 ipsi
556 3579 651 3642 etiam
675 3578 830 3664 scriptori
853 3581 934 3646 vitio
957 3582 1117 3649 vertenda
1138 3605 1214 3649 esse
1236 3587 1284 3648 vi-

269 3662 421 3745 deantur,
444 3661 629 3746 dequibus
651 3664 808 3751 deinceps
832 3688 891 3730 suc
914 3667 988 3733 loco
1012 3668 1150 3733 dicetur.
1177 3669 1284 3736 Nam·

269 3771 332 3836 que
354 3746 493 3813 ulterius
516 3747 599 3816 haec
622 3751 777 3834 persequi
791 3773 859 3815 non
875 3769 926 3817 est
945 3754 1043 3820 huius
1058 3755 1124 3820 loci
1147 3763 1250 3838 atque
1265 3783 1285 3820 a

268 3835 407 3900 consilio
430 3834 528 3899 huius
550 3835 706 3902 editionis
728 3837 870 3900 alienum
894 3848 954 3906 est.
1005 3839 1044 3906 In
1076 3838 1140 3904 hoc
1170 3851 1285 3910 autem

267 3920 398 3986 fabulae
422 3919 567 4006 epilogo,
589 3944 685 4005 quem
706 3944 794 3986 nunc
816 3921 986 4007 habemus,
1011 3935 1125 3992 narrat
1145 3927 1285 3992 nuntius
1333 3977 1336 3984 .

268 4007 309 4070 ab
332 4011 582 4105 Agamemnone
606 4005 647 4070 ad
671 4005 967 4092 Clytaemnestram
990 4015 1122 4092 missus,
1146 4011 1284 4099 Iphige-

268 4090 354 4155 niam
378 4115 480 4177 1psam
505 4091 546 4154 ad
568 4090 764 4156 sacrificium
788 4095 969 4162 accessisse
992 4108 1026 4163 et
1048 4098 1284 4163 immolandam

268 4196 329 4240 sua
348 4191 385 4242 se
409 4185 529 4264 sponte
551 4174 757 4262 praebuisse:
790 4201 889 4263 quum
920 4193 1030 4272 autem
1058 4185 1094 4249 iu
1118 4195 1284 4267 coesset,
