2790 4774
385 1507 806 1652 rnomrnurr

523 1741 673 1755 ——u

89 1867 303 2005 Homerum
328 1917 462 2006 quidem
497 1917 746 2009 delphigenia
780 1920 822 1987 ab
854 1925 1104 2011 Agamemnone

88 2017 183 2092 patre
211 2003 380 2077 immolata
407 2005 490 2080 nihil
514 2006 685 2072 'rettulisse
720 2005 755 2072 in
783 2009 984 2077 carminibus
1022 2011 1104 2096 suis,

9 2161 11 2168 Α
84 2092 173 2160 alios
203 2100 314 2158 autem
341 2099 471 2160 veteres
499 2094 616 2180 poetas
647 2089 797 2160 Graecos
829 2116 929 2178 quum
959 2097 1103 2185 oyolieos

87 2188 159 2244 tum
180 2177 317 2244 melicos
332 2176 429 2265 plura
443 2177 484 2244 de
500 2200 540 2244 ea
553 2200 588 2244 re
610 2176 788 2244 tradidisse
811 2180 982 2266 probabile
998 2181 1104 2248 videri

87 2271 286 2350 propterea,
320 2261 411 2348 quod
443 2272 477 2329 et
496 2262 709 2329 Pindarus
740 2262 810 2329 eius
833 2266 881 2330 rei
903 2267 1103 2334 mentionem
1199 2285 1202 2292 '

87 2349 224 2416 iecisset
246 2349 281 2414 in
303 2370 403 2416 earm.
425 2348 524 2438 Pyth.
547 2348 613 2416 XI.
635 2350 686 2416 ⁶2⁸2.
709 2359 743 2414 et
763 2349 922 2438 tragici
953 2355 1103 2438 poetae

88 2456 356 2535 saepenumero
386 2455 426 2500 eo
456 2441 650 2536 argumento
677 2435 731 2534 usi
759 2447 888 2537 essent,
932 2435 973 2503 de
987 2461 1040 2538 'ea
1065 2461 1103 2539 re

45 2531 51 2538 ⁵
87 2542 255 2672 lustr
276 2519 592 2672 lamisiil’hffiul
614 2530 665 2670 ‘f‘
684 2543 729 2670 lt
743 2520 1103 2675 trumberet

8 2767 10 2782 ,
86 2691 206 2779 ripidis
242 2628 355 2757 ialbulll
383 2629 561 2778 Iphigenia
583 2629 670 2777 (iliud
699 2693 761 2759 sibi
793 2632 916 2760 Aulillle
945 2693 1104 2762 acciderit

87 2777 226 2878 exponit
246 2778 321 2865 ipsa
341 2800 380 2878 v..
398 2781 416 2840 5
441 2799 536 2878 sqq„
566 2788 676 2844 cetera
698 2788 823 2862 autem,
853 2801 937 2864 quae
958 2789 1103 2868 aguntur

85 2886 121 2928 rn
144 2885 185 2928 ea
210 2861 342 2946 fabula,
371 2885 406 2927 rn
429 2861 550 2930 limbus
572 2863 724 2929 Tauricis
753 2875 897 2951 aguntur
923 2887 1030 2951 neque
1059 2864 1103 2930 ad

85 2947 307 3036 Iphigeniam¹
323 2948 429 3036 magis
458 2971 557 3034 quam
585 2945 628 3012 ad
657 2945 810 3015 Orestem
841 2951 973 3015 fratrem
1003 2949 1103 3037 perti-

85 3043 186 3116 nent,
217 3032 312 3102 ouius
342 3033 377 3099 in
405 3032 469 3100 bae
497 3029 630 3118 quidem
658 3033 772 3099 fabula
823 3044 934 3120 ropter
962 3047 1104 3101 aetatem

86 3117 197 3186 nullae
219 3119 287 3185 fore
310 3127 420 3206 partes
434 3123 506 3185 es'se
528 3127 717 3206 potuerunt.
752 3057 870 3185 Inbue
892 3118 977 3184 enim
993 3119 1105 3185 fabula

86 3203 160 3289 illa,
182 3209 269 3290 quae'
289 3201 483 3292 Iphigeniae
503 3202 627 3268 Aulide
650 3202 859 3287 acciderunt,
882 3204 1103 3270 continentur.
1223 3225 1232 3240 ⁶

85 3289 139 3356 Ea
165 3291 330 3376 communi
360 3291 426 3354 lere
455 3299 602 3354 veterum
624 3290 821 3376 scriptorum
848 3288 1035 3354 narratione
1056 3289 1105 3354 sio

85 3375 176 3441 facta
196 3398 269 3443 esse
297 3374 483 3441 traduntur.
528 3373 639 3456 Quum
668 3373 770 3442 duces
793 3374 995 3439 Graecarum
1024 3373 1104 3440 oiri·
1183 3429 1189 3439 .

85 3462 222 3545 tatium,
276 3483 337 3526 uae
366 3461 409 3527 ob
437 3459 589 3526 iniuriam
612 3468 710 3546 raptu
733 3459 880 3526 Helenae
902 3458 1058 3525 Menelao
1084 3483 1105 3526 a

84 3545 205 3612 Paride
239 3484 364 3612 illatam
392 3545 514 3614 bellurn
546 3545 674 3612 civitati
704 3545 867 3612 Troianae
898 3544 1106 3611 inlerendum

85 3655 160 3700 esse
182 3631 408 3713 decreverant,
432 3654 506 3697 oum
529 3630 686 3698 militibus
707 3631 777 3698 suis
796 3628 950 3698 Aulidem
972 3631 1007 3714 in
1028 3653 1106 3720 por-

84 3727 155 3784 turn
178 3718 340 3784 Boeotiae
368 3716 410 3783 ad
439 3717 602 3804 Euripum
631 3716 730 3782 sitnm
759 3718 952 3805 congregati
983 3726 1105 3800 essent,

84 3804 226 3870 adversa
247 3813 444 3889 tempestato
464 3803 638 3888 saevisque
666 3803 771 3870 ventis
797 3826 910 3870 eorum
936 3803 1105 3890 navigatio

84 3888 247 3975 impedita
274 3899 344 3972 est,
369 3887 459 3973 quod
488 3887 530 3952 ab
559 3891 827 3975 Agamemnone,
859 3889 934 3974 qni,
964 3889 1042 3972 quia
1072 3894 1106 3951 et

84 3997 214 4041 summa
248 3975 447 4061 cognatione
484 3973 675 4039 Menelaum
711 3975 898 4061 attingebat
934 3981 968 4038 et
1003 3972 1105 4036 maxi·
1212 4013 1215 4024 ,

83 4081 155 4126 mas
185 4061 298 4147 copias
327 4057 668 4140 secumadduxerat,
697 4059 821 4126 iudicio
851 4059 971 4124 ducum
1001 4053 1108 4122 Grae-

84 4168 200 4212 corum
229 4165 376 4211 summus
404 4147 583 4232 imperator
611 4142 736 4210 electus
765 4153 853 4226 erat,
883 4153 1003 4209 numen
1024 4141 1109 4206 Die·

85 4255 147 4300 nae
180 4233 307 4297 laesum
345 4255 418 4298 esse
454 4229 643 4311 dicebatur,
680 4229 750 4295 sive
788 4227 879 4312 quod
914 4227 943 4290 is
978 4249 1109 4294 cervam
