2730 4774
386 1218 808 1319 ΕΥΡΙΠΙΔΟΥ
858 1311 861 1314 ,

318 1384 367 1484 0
402 1389 453 1484 ,Ρ
485 1389 533 1485 Ε
564 1387 613 1486 Σ
656 1391 783 1490 ΤΗ
816 1393 878 1490 Σ.

444 1620 735 1688 ΗΛΕΚΤΡΑ.

163 1753 232 1823 Οὐκ
260 1761 347 1824 ἔστιν
372 1753 469 1822 οὐδὲν
496 1755 604 1824 δεινὸν
631 1747 684 1823 ὧδ’
714 1765 817 1825 εἰπεῖν
842 1765 929 1838 ἔπος,

159 1855 238 1924 οὐδὲ
267 1854 395 1935 πάθος,
424 1855 501 1923 οὐδὲ
528 1856 685 1949 συμφορὰ
714 1859 894 1940 θεήλατος,

152 2051 272 2118 inscript.
288 2047 499 2102 ΕΥΡΙΠΙΔΟΥ
517 2051 701 2122 optanta]
721 2055 799 2107 Quod
818 2057 844 2106 in
863 2055 933 2106 libris
948 2070 1024 2106 manu
1042 2057 1105 2106 scri·

83 2123 134 2185 ptis
156 2123 347 2185 antiquioribus
377 2134 457 2186 saepe
476 2120 543 2172 nulla
561 2121 693 2187 inscriptio
712 2123 836 2187 babetur,
863 2124 922 2175 inde
941 2124 1044 2175 videtur
1068 2125 1080 2174 i
1096 2155 1106 2163 -
1142 2157 1148 2166 -

82 2199 153 2242 ctnsn
173 2207 242 2252 esse,
263 2198 290 2240 nt
309 2191 334 2239 in
346 2189 410 2241 Cod.
422 2191 450 2241 C.
464 2191 573 2256 eiusque
592 2192 746 2256 apographis
764 2195 829 2244 haec
847 2194 936 2246 fabula
947 2193 1107 2245 Electrae

82 2262 187 2311 nomine
211 2261 382 2318 inscribatur,
410 2275 460 2310 non
483 2259 628 2322 Orestis,
654 2263 713 2324 qnia
738 2263 834 2313 librarii
854 2279 948 2314 nomen
973 2264 1028 2314 eins
1047 2279 1105 2328 per·
1162 2251 1178 2272 ⁸

82 2346 173 2392 sonae,
193 2343 260 2392 quae
280 2330 390 2394 primunr
411 2329 481 2392 loqui
502 2329 605 2394 incipit,
624 2345 670 2395 pro
690 2331 860 2395 inscriptione
879 2331 934 2384 libri
953 2332 1105 2383 imbuerunt¹

82 2398 224 2450 Eisramodi
253 2399 318 2449 libro
343 2399 421 2450 etiam
447 2397 658 2448 Sclroliastes
682 2400 804 2450 Aristidis
827 2400 871 2451 lll.
904 2419 928 2465 p.
957 2401 1016 2455 603.
1045 2416 1106 2452 usin

83 2484 143 2520 esse
162 2468 278 2527 videtur,
297 2468 339 2532 qui
357 2470 413 2532 ipse
432 2482 536 2532 quoque
556 2467 683 2518 lilectram
708 2483 755 2532 pro
775 2468 871 2520 Oreste
889 2471 986 2521 citavit.

154 2537 185 2587 V.
209 2535 283 2589 1--3,
304 2536 384 2586 citant
402 2537 568 2588 Lucienus
590 2537 639 2585 lov.
660 2537 741 2600 Trag.
760 2539 783 2591 1.
805 2537 1048 2602 DioClrrysost.
1065 2537 1106 2591 tv.

84 2626 108 2670 p.
128 2607 172 2660 81.
193 2605 237 2659 82.
264 2603 663 2657 stot›aeusftor.Xcv111.
686 2607 766 2660 421.
790 2605 842 2658 111.
869 2625 894 2674 p.
920 2609 979 2662 252.
1005 2609 1106 2659 Orion

88 2679 151 2729 t'lll.
170 2676 195 2729 6.
209 2673 289 2742 pta.
309 2673 428 2737 Suidas
446 2676 507 2728 1.1.
528 2689 553 2738 p·
571 2674 646 2736 701„
668 2677 746 2726 vertit
765 2677 883 2728 Cicero
904 2677 1005 2743 Disput.
1025 2676 1105 2728 Tuae,

84 2747 127 2796 lib.
145 2744 194 2796 IV.
211 2761 234 2796 c.
251 2744 293 2800 29.
314 2743 335 2806 ,1.
356 2743 396 2797 73.
421 2745 535 2796 Primum
561 2759 587 2794 v.
609 2745 693 2795 solum
718 2745 825 2797 laudant
843 2745 1107 2813 olympiodorus

86 2818 110 2866 in
131 2814 212 2867 nteit.
233 2817 259 2877 p.'
279 2811 331 2866 13⁶2
356 2814 516 2864 Maximus
539 2809 630 2864 Plan.
642 2820 661 2867 t.
675 2815 709 2864 V.
724 2831 748 2879 p.
762 2814 822 2868 424.
841 2815 882 2867 cd.
903 2815 985 2866 Walz.
1005 2814 1104 2864 Sciro-

88 2887 205 2936 llastes
226 2882 468 2947 rtesclrytiPcrs.
480 2880 708 2936 711.Zonaras
729 2900 753 2949 p.
767 2885 827 2939 307.
849 2885 1106 2942 Grammaticus

85 2971 125 3020 ap.
148 2954 262 3006 bekker.
283 2955 375 3005 anecd.
396 2962 413 3006 t.
434 2956 478 3006 lll.
495 2973 522 3021 p.
547 2954 621 3008 1151.
843 3010 847 3019 ,
992 2969 995 2974 ’

155 3023 185 3074 V.
205 3024 231 3075 2.
249 3023 372 3092 συμφορὰ
388 3023 520 3089 θεήλατος
538 3023 629 3090 Estne
652 3031 679 3075 et
697 3025 784 3090 vulgo,
803 3021 851 3074 uisi
868 3021 940 3088 quod
958 3023 982 3074 in
1001 3023 1058 3077 aliis
1076 3023 1107 3072 ii

121 3191 150 3241 V.
174 3191 189 3244 l
209 3207 266 3255 sqq.
290 3189 368 3253 Quod
389 3191 526 3259 Euripides
545 3193 569 3243 in
622 3197 760 3256 queratur,
778 3207 792 3242 a
811 3194 944 3242 communi
963 3191 1033 3241 lama
1053 3189 1107 3241 dis-

87 3260 174 3311 multis
195 3260 293 3314 sabulis
318 3262 394 3330 lecit,
416 3269 445 3314 ut
467 3264 572 3328 longios
619 3268 745 3326 creparet
767 3261 896 3322 ostendit,
931 3260 1107 3312 calamitatem

88 3331 158 3379 ribus
177 3332 296 3396 prologis
320 3347 370 3382 non
390 3335 474 3383 solum
494 3347 567 3397 prac-
622 3338 708 3382 autem
732 3330 852 3392 generis,
880 3331 952 3378 onius
976 3328 1107 3382 fortunam

87 3407 186 3451 sentam
203 3415 292 3450 rerum
312 3401 491 3452 condicionem
508 3417 570 3465 spe·
624 3400 777 3466 proposuit,
808 3413 822 3447 a
854 3397 966 3448 Tantalo
991 3404 1108 3460 auctore,
1156 3413 1157 3417 ¹

85 3469 229 3520 ctatoribus
256 3475 418 3535 proponeret
444 3477 522 3536 atque
545 3471 570 3520 in
623 3471 668 3534 qai
704 3468 755 3518 luit
790 3471 866 3534 pater
893 3467 1013 3534 Pelopis,
1043 3483 1108 3517 arus

85 3546 147 3589 noto
166 3538 292 3600 fortasse,
311 3539 357 3589 sed
376 3540 409 3590 ab
427 3540 477 3590 alio
496 3541 571 3591 aliter
627 3538 699 3587 Atrei
735 3541 762 3586 et
804 3535 952 3601 Thyestae,
997 3551 1108 3602 proavae

85 3615 198 3658 tractato
219 3615 374 3673 argumento
387 3621 465 3674 qnam
477 3609 569 3660 tamam
626 3606 833 3671 Agamemnonis
856 3610 884 3656 et
909 3606 1037 3668 Menelai,
1062 3605 1107 3656 de·

84 3679 141 3742 ipse
160 3682 319 3741 sequeretur
339 3678 505 3741 ostenderet,
529 3694 573 3728 ve·
625 3677 723 3728 ducens
752 3675 957 3726 innocentiorem
985 3675 1108 3726 Orestem

84 3761 141 3798 rum
167 3749 247 3798 etlam
273 3746 298 3797 in
323 3747 381 3812 ipso
407 3747 509 3798 fabulae
527 3760 573 3798 err-
625 3747 706 3796 voluit
725 3737 807 3794 rideri
824 3749 861 3806 et,
879 3744 949 3808 quod
961 3745 1107 3810 Apollinem

85 3816 161 3867 ordio
180 3817 330 3867 enmlinem
347 3816 483 3868 etexitnm
501 3828 573 3882 prae·
626 3819 762 3865 auctorem
788 3813 925 3863 matricidii
953 3813 987 3863 ab
1012 3813 1109 3863 Oreste

84 3892 200 3951 pararet,
220 3885 253 3936 ad
270 3899 346 3948 qssem
362 3897 435 3936 auam
455 3885 587 3936 fabulam·
624 3883 757 3934 cummiani
777 3881 851 3941 lecit,
875 3882 926 3932 iam
951 3895 1018 3932 nunc
1040 3879 1108 3931 indi-

85 3954 232 4018 perducere
253 3955 339 4012 vellet,
362 3954 429 4004 idem
450 3957 529 4019 podta
547 3956 572 4005 in
624 3954 693 4002 cavit
716 3951 793 4001 etiam
825 3953 921 4002 exitum
949 3950 1053 4001 fabulae
1077 3949 1108 3999 sb

86 4023 335 4075 bocexordiofecit.
354 4023 422 4074 Nam
434 4025 568 4088 inprologi
623 4023 682 4086 ipso
703 4018 976 4085 Apollineaddunturu
988 4018 1027 4068 isi.
1048 4017 1108 4066 Sol-

88 4106 204 4156 persona
234 4099 262 4144 et
286 4099 451 4158 praesentem
484 4107 570 4143 rernm
625 4091 764 4142 lenissime
782 4100 870 4140 antem
889 4085 1109 4142 omnls‘iustitait,

87 4169 182 4214 statura
211 4157 348 4226 descripsit
379 4169 406 4212 et
430 4161 524 4226 quibus
550 4163 574 4213 in
626 4168 654 4210 ut
671 4169 698 4210 et
718 4170 787 4222 unae
804 4155 1110 4222 supervacaneainuar·

88 4233 151 4284 locis
170 4238 366 4298 argumentum,
379 4229 449 4296 quod
463 4231 520 4295 ipse
533 4245 574 4282 se·
621 4231 725 4281 ratione
747 4226 852 4278 labulse
877 4240 936 4276 essa
963 4222 1111 4276 riderentur
