2744 4764
283 323 338 384 1oc
366 293 372 310 “

642 319 936 380 ΕΥΡΙΠΙΔΟΥ

350 503 457 587 φιλεῖν
483 492 638 578 δάμαρτα
666 497 767 562 πᾶσιν
785 491 940 572 Ελληαιν
967 495 1088 568 δοκεῖς

352 598 431 684 κούχ
458 595 658 681 ὑποτρέχων·
673 620 707 660 πε
735 597 836 661 τοῦτο
866 601 1001 680 θωπείᾳ
1024 597 1138 676 λέγετ’.

1234 605 1294 666 676

336 702 477 781 Ιταύτης
503 703 656 782 ἱκνοῦμαί
682 696 723 761 τ’
750 685 774 760 ὦ
800 701 911 780 μίλτος
937 699 1022 781 ἐμῶν
1048 697 1167 766 κακῶν

353 812 396 878 είς
423 797 497 870 οἷον
524 795 602 878 ἥκω.
631 806 663 864 τί
689 802 723 864 ‹ll
750 801 971 884 ταλαιπωρεῖν
997 822 1037 881 με
1063 802 1128 877 δεῖς

352 901 435 986 ὑπὲρ
458 899 523 983 γαρ
551 900 645 968 οἴκων
672 897 799 976 παντὸς
824 899 966 978 ἱκετεύωΙ
984 898 1072 966 τοίδτ.

352 995 377 1069 d
405 1001 534 1087 πατρὸς
559 999 679 1087 ὅμαιμε
707 1006 788 1078 θεῖε,
809 1001 868 1068 τὸν
895 1000 979 1067 κατὰ
1004 999 1139 1086 χθονὸς

351 1102 500 1173 θανόντ’
530 1101 667 1170 ἀκούειν
693 1099 772 1168 τάδε
799 1101 896 1178 δόκει,
921 1111 1112 1186 ποτωμένην

1230 1115 1292 1177 676

351 1208 462 1296 ψυχὴν
490 1201 573 1289 ὑπὲρ
599 1207 670 1282 σού,
695 1208 751 1269 καὶ
775 1207 877 1285 λέγειν
899 1201 978 1288 6γώ
1007 1209 1094 1288 λίνω,

338 1306 457 1376 ,ταῦτ’
485 1305 530 1383 ric
556 1330 590 1372 ττ
616 1307 742 1388 δάκρυα
768 1310 822 1369 καί
847 1302 947 1386 γόους
971 1310 1025 1372 καὶ
1053 1302 1229 1395 συμφορὰς

349 1409 462 1493 εἴρηκα
488 1407 661 1498 κάπῄτηκα
690 1403 750 1485 την
778 1413 952 1491 σωτηρίαν,

347 1622 379 1670 V.
400 1619 458 1675 670.
495 1614 762 1685 κ’ύποτρὲχωνίκύχ
781 1617 824 1676 e‘n
846 1636 913 1672 rnen.
934 1621 990 1684 altr)
1010 1622 1042 1669 A.

347 1692 377 1739 V
398 1691 499 1746 671..
511 1708 576 1752 ...μ
596 1707 676 1739 κακον
694 1689 772 1754 (ίμων
790 1706 1003 1741 κακωνατηοτιιι
1022 1691 1096 1754 tert.)
1116 1691 1146 1740 Β,

347 1761 459 1814 66672
493 1777 542 1878 μεέ
542 1758 580 1809 δει
596 1771 647 1825 (γρ.
667 1758 728 1827 χρη)
746 1764 780 1811 Α

348 1832 458 1886 vols.
495 1826 511 1880 cl
529 1827 580 1894 ἐγώ
599 1834 633 1881 Α.

348 1901 380 1949 V
402 1902 461 1954 677
498 1895 565 1950 ταῦτ’
584 1901 827 1950 Kirehlrofliua.

349 1971 380 2019 V
401 1971 477 2025 678fl
498 1966 577 2034 εἴρηκ’
595 1965 721 2036 ἆπηιτηκα
740 1973 773 2020 Α
801 1969 889 2064 εἴρηκα
907 1961 1039 2030 rasitque
1066 1963 1293 2033 (κᾶπη’τηεταοοττ

279 2057 294 2088 a
313 2057 391 2096 menn
410 2041 523 2104 secfflF

350 2111 456 2164 V..679
493 2110 559 2174 ζητοῖ
579 2124 659 2173 supra
677 2110 835 2172 scriptume
853 2123 930 2158 mann
950 2122 1001 2157 seo.
1022 2107 1048 2155 in
1069 2109 1097 2156 Α.

349 2180 376 2228 V·
394 2181 454 2233 680.
473 2178 532 2232 681.
578 2180 699 2228 Electrae
723 2179 842 2228 tribuunt
863 2177 938 2239 libri,
962 2179 1044 2228 choro
1067 2179 1182 2228 restituit
1215 2179 1293 2232 Can·

279 2257 374 2299 666118.

280 2437 359 2485 Hero.
377 2437 426 2485 fur.
439 2436 556 2504 133866.
576 2429 710 2486 ricold’
700 2432 761 2484 α’ταν

281 2505 398 2590 τιμῶσιν,
423 2501 501 2556 ούδὲν
525 2505 564 2555 δεῖ
584 2509 679 2570 φιλων
694 2502 762 2554 “Alo

281 2573 330 2639 γὰρ
350 2569 364 2623 6
383 2572 450 2626 θεὸς
466 2571 617 2639 ω’φελώῌ
602 2594 664 2625 οταν
682 2571 760 2637 θέλῃ.

315 2644 348 2692 V
355 2646 413 2698 671
423 2645 541 2711 ταύτης
559 2640 759 2707 ικνο6μαί6.

281 2703 303 2760 6
325 2711 444 2773 μέλεος
465 2715 548 2776 ἐμῶν
570 2715 688 2782 κακῶν]
711 2716 761 2765 Pa·

281 2798 338 2832 rum
361 2788 496 2849 perspexit
518 2787 596 2836 huius
624 2787 675 2836 loci
701 2801 759 2835 sen-

281 2855 390 2904 tentiam
413 2853 445 2904 G.
464 2857 674 2906 Hermannus
697 2871 759 2906 con·

281 2923 394 2974 fundens
413 2941 479 2988 qnae
496 2934 558 2976 sunt
571 2926 763 2986 diversissima,

281 2992 303 3041 ul
321 3007 448 3043 summam
467 2995 543 3046 huius
562 2997 692 3046 locihauo
703 3011 760 3044 esse

281 3063 358 3115 dicit:
382 3063 444 3114 Per
472 3065 558 3115 hanc
584 3068 760 3130 coniugem

281 3141 365 3182 tuem
401 3150 457 3184 oro
492 3141 537 3198 te,
565 3135 618 3185 hei
650 3139 760 3195 miser,

281 3217 338 3266 pro
362 3206 469 3254 tentis
491 3207 521 3256 in
550 3207 668 3269 quibus
693 3221 760 3254 sum

281 3273 391 3322 malis:
415 3275 472 3324 sed
498 3275 577 3340 quid
600 3276 759 3325 laborare

281 3359 326 3394 me
354 3359 435 3408 opus
460 3351 508 3404 est
532 3361 588 3409 per
616 3361 705 3410 quem
728 3351 759 3392 te

282 3413 463 3464 obsecrem?
498 3431 566 3465 nam
599 3429 655 3478 per
688 3428 759 3463 cun-

281 3489 367 3530 ctam
402 3484 526 3533 domum
563 3484 645 3533 haee
680 3499 759 3544 oro„

259 3559 261 3562 ’
282 3552 309 3598 in
336 3566 387 3613 quo
408 3555 550 3616 permirum
570 3560 610 3602 est
632 3569 759 3602 summum

281 3623 478 3682 grammaticum
497 3617 561 3685 ὑπὲρ
578 3629 605 3670 et
622 3619 688 3686 πρὸς
698 3637 760 3671 con

282 3689 390 3737 fudisse.
430 3689 518 3754 Neque
540 3692 608 3741 enim
632 3707 688 3755 per
707 3693 759 3742 do-

282 3772 359 3805 mum
382 3766 547 3820 cunctam,
565 3761 612 3809 sed
630 3777 688 3825 pro
707 3763 760 3809 do·

286 3841 332 3876 mo
352 3835 468 3877 cuncta
487 3829 615 3879 obsecrat.
641 3831 762 3893 Apparet

282 3895 416 3960 Orestem,
433 3897 479 3947 ubi
500 3913 546 3962 per
563 3899 691 3950 Helenum
714 3900 759 3949 ob

282 3975 368 4016 secret
392 3967 558 4028 Menelaum,
592 3969 641 4020 hoe
674 3971 758 4033 ipsum

247 4049 251 4061 ¹
282 4038 428 4100 aegerrime
446 4039 532 4099 serre,
551 4040 623 4101 quod
641 4039 675 4088 ad
693 4039 760 4089 hanc

283 4108 366 4169 ipsam
389 4124 479 4158 vocem
502 4109 527 4156 vi
551 4122 581 4157 ee
603 4109 760 4160 necessitate

283 4185 388 4227 coactus
407 4179 549 4228 devenerit.
584 4179 654 4228 Dicit
676 4180 756 4242 igitur

283 4245 358 4298 hneo.
377 4240 396 4296 6
420 4243 544 4308 μὲλεος’
532 4249 598 4308 cpoli·
623 4249 758 4298 κατεύν-

811 2432 877 2493 udde,
891 2451 943 2486 non
962 2436 995 2486 ad
1011 2434 1160 2486 Menelaum
1180 2451 1292 2488 conver·
1355 2463 1356 2480 ι

809 2522 864 2568 sus,
883 2520 971 2554 verum
992 2504 1215 2572 adspectatores,
1236 2510 1293 2572 qni·

810 2576 859 2626 bus
879 2576 965 2624 verbis
984 2575 1194 2624 obsecrationem
1218 2591 1293 2644 suam

810 2651 932 2706 excusat,
961 2651 986 2694 et
1015 2660 1043 2694 se
1072 2646 1188 2709 quodam
1211 2647 1293 2696 modo

810 2716 963 2766 consolatur
992 2729 1038 2776 eo,
1060 2717 1131 2780 quod
1157 2731 1213 2764 uon
1244 2731 1293 2780 pro

810 2801 838 2836 se
859 2784 930 2850 solo,
953 2784 1001 2834 sed
1024 2799 1073 2848 pro
1099 2792 1193 2836 cuncta
1212 2784 1293 2835 domo

810 2871 859 2906 sus
890 2869 922 2920 eo
950 2855 1087 2904 devenerit
1118 2862 1147 2904 ut
1174 2855 1295 2905 Helenae

810 2939 905 2974 nomen
931 2924 958 2972 in
982 2925 1102 2988 precibus
1126 2925 1180 2973 suis
1208 2939 1293 2989 oppo-

811 3002 864 3044 nat
904 2993 1059 3044 Rectissime
1087 2995 1168 3057 igitur
1193 2991 1293 3044 Scho-

810 3065 929 3115 liastes
957 3064 994 3122 is,
1022 3065 1069 3126 qui
1082 3064 1167 3113 liaeo
1197 3062 1293 3114 habet:

811 3131 926 3196 ταύτης
957 3131 1120 3194 ἱκνοῦμαι·
1156 3126 1213 3181 ἀντὶ
1246 3135 1294 3184 τού

810 3200 877 3266 πρὸς
896 3198 988 3265 ταύτης
1006 3195 1076 3266 o‘pnoi
1092 3201 1235 3285 βοηθήσατ’
1241 3221 1293 3263 μοι,

811 3292 826 3358 η
816 3269 941 3333 ῃ’δέομαι
957 3285 1006 3320 σου
1024 3269 1091 3337 πρὸς
1104 3270 1205 3336 ταύτης,
1218 3266 1293 3323 ὅπως
1323 3309 1326 3322 .

809 3338 842 3392 ἄν
859 3359 902 3404 μοι
919 3337 1085 3406 βαηθηαειας
1105 3339 1142 3391 εἰς
1161 3337 1292 3406 τιμὴνιτύ-

810 3413 863 3477 τῆς.
889 3410 931 3462 Τὸ
953 3407 1203 3477 δεὲξηςηρεμα
1222 3408 1294 3462 καθ

809 3480 932 3532 ἑαυτὸν
971 3478 1069 3546 λέγει,
1110 3479 1294 3545 οἰκτειρων

810 3546 925 3613 αύτόν,
945 3547 985 3600 ὅτι
996 3551 1069 3616 μέχρι
1083 3548 1212 3601 τοσούτου
1227 3568 1292 3616 προ-

811 3621 891 3707 ἦλθεν
913 3615 984 3686 αύτῳ
1013 3619 1041 3670 τὰ
1071 3623 1115 3685 τῆς
1148 3618 1293 3684 δνςτνχίας,

810 3687 846 3741 ὥς
864 3686 905 3741 ld
925 3691 971 3739 τοῦ
988 3691 1135 3756 μεμνῆσθαι
1158 3692 1205 3756 τῆς
1221 3686 1293 3741 'Ele'-

810 3774 857 3846 νης
878 3758 1026 3822 προςδοκᾶν
1047 3761 1176 3845 βοηθείας
1199 3767 1292 3824 τυχεῖν.

811 3824 919 3893 ἀνάξιον
945 3828 993 3896 γὰρ
1017 3825 1154 3881 ἑαυτοῦ
1139 3835 1235 3896 ηγτῖται
1263 3828 1292 3880 τὸ

812 3900 852 3950 καί
885 3896 967 3961 μόνον
999 3900 1144 3966 μεμνηαθιτι
1171 3897 1292 3965 τοιαύτηςΙ

811 3968 941 4036 γυναικός,
953 3970 1017 4056 μήτι
1035 3987 1063 4036 γε
1081 3972 1123 4021 καί
1141 3968 1228 4020 δοκειν
1242 3967 1293 4020 oci-

811 4039 902 4104 §eostur
925 4034 959 4090 δι’
964 4035 1069 4128 αύτῆς.
1088 4036 1213 4104 δυετυχης
1233 4032 1292 4096 onir,

811 4113 906 4174 φηαιᾎν
924 4106 974 4174 ἐγὼ
997 4108 1032 4159 είς
1055 4111 1158 4160 τοιοῦτο
1177 4127 1228 4159 των
1247 4127 1291 4160 ιτα-

812 4180 865 4230 noir
893 4177 992 4234 ίλθιύν
1023 4176 1064 4229 διὰ
1094 4177 1143 4246 γὰρ
1166 4177 1294 4244 γυναικὸς

813 4250 856 4312 τῆς
880 4249 957 4299 πᾶσιν
976 4244 1076 4314 Έλληνι
1097 4263 1176 4312 κακης
1200 4246 1291 4312 σωθή-
