2730 4774
248 363 318 441 νε,

250 534 428 614 Άίγισθος.
455 527 726 616 μητροκτονήσιις
754 527 1184 616 τοίνυνὈρέστηςἘρινόσι
1208 557 1274 596 ιτα-

247 636 405 720 ραχρῑγμα
423 631 486 713 τήν
499 637 591 712 δίκην
608 635 705 699 έδωκε
722 635 845 713 μανείς.
871 633 1042 706 Μενέλαος
1060 633 1094 695 δὲ
1119 639 1153 696 έκ
1173 637 1273 716 'lbos‘-

250 761 291 810 ιες
324 732 456 814 έλθων,
487 731 624 820 ὕστερος
659 731 724 816 γάρ
753 730 998 814 Ἀγαμέμνονος
1022 735 1182 812 έπανηκε,
1218 738 1273 798 καί

251 835 297 917 τῷ
333 837 494 917 Ναυπλίῳ
529 837 633 918 λιμένι
668 829 857 916 προςσχοίν,
892 828 1012 908 νυκτὸς
1043 836 1103 916 μὲν
1133 829 1275 914 Ιίίλένην

174 917 185 934 “
209 945 227 1006 5
250 942 414 1018 είςπέμπει
442 932 526 1021 πρὸς
554 933 729 1016 Μυκήνας,
755 929 831 1016 μεθ’
854 929 978 1018 ἡμέραν
996 933 1029 998 δέ
1046 931 1275 1027 αὐτὸςελςήει,

251 1040 307 1102 καὶ
334 1034 392 1101 τὸν
415 1034 570 1123 ’Ὀρέστην
606 1034 777 1122 μεμηνότα
810 1031 915 1118 εὑρών
943 1037 1186 1124 παρακαλεῖται
1211 1039 1275 1120 μέν

250 1135 316 1202 ὑπὸ
347 1135 500 1219 ’Ὀρέστου
521 1141 588 1202 ,καὶ
621 1136 802 1220 Ἠλέκτρας
837 1136 943 1199 σῶσαι
975 1130 1116 1213 αὐτούς·
1153 1135 1171 1202 ὁ
1207 1138 1275 1223 γάρ

252 1240 311 1316 τῆς
348 1237 648 1322 Κλυταιμνήστρας
684 1233 795 1322 πατήρ
827 1232 1022 1323 Τυνδάρεως
1048 1236 1179 1314 πάντας
1199 1235 1275 1323 Ἀρ-

251 1343 360 1421 γείους
386 1335 454 1404 κατ’
484 1338 596 1403 αὐτῶν
625 1341 786 1416 ἐκίνησεν,
822 1343 877 1401 ἴνα
905 1334 1047 1413 τούτους
1074 1335 1119 1415 ὠς
1149 1363 1276 1426 μητρο-

191 1438 229 1500 10
251 1436 391 1514 κτόνονς
417 1438 576 1506 ἀνέλοιεν.
611 1436 655 1514 ως
682 1441 715 1502 δὲ
742 1433 802 1503 τόν
834 1433 1029 1522 Τυνδάρεων
1056 1436 1276 1520 ἀντιλέγοντα

251 1530 335 1624 εὗρε,
362 1544 417 1605 καὶ
443 1537 517 1624 ἀμα
544 1545 598 1605 καί
627 1536 732 1614 αὐτός
755 1534 1047 1622 ὑπολογιζόμενος,
1071 1535 1124 1617 ὡς,
1149 1537 1276 1624 ελὈρέ-

252 1661 331 1724 στης
362 1639 573 1724 ἀναιρεθείη,
604 1636 761 1724 βασιλευς
791 1634 895 1714 αὐτὸς
921 1643 1014 1704 έσται
1046 1643 1105 1706 τοῦ
1126 1643 1276 1727 Ἄργους,

252 1737 314 1822 οὐκ
350 1738 477 1820 ἤθελεν
505 1739 636 1834 ’Ὀρέστῃ
678 1742 800 1806 τεκαὶ
841 1745 879 1832 τῃ
920 1736 1048 1832 ἀδελφῃ
1083 1755 1278 1826 συμμαχεῖν,

251 1839 339 1906 ἀλλά
374 1840 411 1907 τό
447 1845 514 1910 τῶν
545 1842 696 1926 Ἀργείων
730 1843 869 1921 πλῆθος
905 1842 1011 1923 ἔλεγεν
1045 1839 1279 1926 εὐλαβεῖσθαι.

191 1952 229 2018 15
252 1944 387 2030 πρῶτον
412 1939 479 2027 μέν·
501 1933 563 2011 οὖν
579 1943 727 2031 Ὀρέστης
752 1945 808 2009 καὶ
834 1942 1031 2027 Τυνδάρεως
1056 1944 1279 2028 διελέχθησαν

253 2040 338 2128 πρός
364 2042 546 2124 ἀλλήλους,
581 2042 598 2110 ό
626 2046 686 2129 μὲν
712 2041 756 2118 ὡς
783 2041 822 2108 οὐ
851 2045 983 2117 δικαίως
1008 2043 1157 2110 ἀνείλετο
1187 2044 1279 2110 Κλυ-

252 2142 481 2229 ταιμνήστραν
505 2141 645 2221 δεικνύς,
667 2142 815 2226 Ὀρέστης
841 2144 876 2206 δέ
901 2137 945 2215 ἀς
972 2143 1027 2206 καὶ
1053 2141 1146 2224 μάλα
1171 2147 1279 2212 δικαί-

203 2251 206 2254 ’
252 2271 305 2320 ως,
334 2250 362 2310 εί
390 2250 444 2310 καί
470 2245 626 2330 μυριάκις
651 2242 760 2322 αὐτήν
786 2245 850 2307 έδει
880 2239 1060 2309 τεθνάναι.
1087 2247 1200 2312 ἔπειτα
1226 2255 1279 2312 έκ-

252 2345 388 2424 κλησίας
413 2351 448 2410 έν
474 2343 655 2428 ἀκροπόλει
682 2345 852 2423 Μυκηνῶν
877 2349 1056 2427 γενομένης
1071 2348 1126 2411 καί
1144 2345 1285 2413 σννιόνε

190 2457 232 2522 20
254 2469 319 2510 των
345 2447 412 2510 τῶν
439 2444 656 2531 προύχόντων
683 2451 718 2509 έν
735 2438 859 2530 ”Αργει,
882 2442 1034 2528 ’Ὀρέστης
1061 2442 1127 2512 ίιπό
1157 2448 1279 2512 Πνλά·

254 2551 315 2613 δον
349 2545 503 2636 φοράδην
528 2554 627 2616 ἐκεῖσε
663 2545 840 2628 κομίζεται.
868 2543 976 2626 λόγων
1001 2547 1199 2612 δέ’πολλῶν
1227 2575 1279 2631 γι-

251 2652 415 2732 νομένων,
441 2651 496 2713 καὶ
522 2649 590 2713 τῶν
615 2649 676 2731 μέν
706 2643 934 2729 βοηθούντων
955 2643 1106 2738 Ὀρέστῃ,
1139 2650 1223 2714 τῶν
1241 2652 1278 2716 δὲ

251 2753 526 2831 ἐναντιουμένων,
552 2751 644 2824 τέλος
661 2755 814 2826 ἐνίκησαν
839 2751 870 2812 οἱ
897 2751 1010 2824 κακοί,
1037 2751 1093 2814 καὶ
1118 2757 1278 2832 κατακρί-

252 2874 347 2915 νεται
370 2847 520 2934 Ὀρέστης
552 2845 657 2925 αὑτός
687 2872 719 2914 τε
745 2851 801 2914 καὶ
837 2845 857 2926 ή
884 2845 1014 2937 ἀδελφὴ
1048 2853 1163 2927 λίθοις
1194 2853 1278 2932 βλη-

189 2967 229 3030 25
254 2954 373 3026 θέντες
402 2949 609 3018 ἀποθανεῖν.
635 2948 783 3036 ’Ὀρέστης
815 2950 849 3013 δὲ
875 2953 1090 3031 ’ἐπηγγείλατο
1124 2947 1210 3038 πρός
1236 2951 1276 3020 τό
1359 3017 1360 3022 ,

252 3054 391 3130 πλῆθος
422 3048 617 3136 αὐτοχειρίᾳ
653 3046 776 3116 ἑαυτὸν
798 3052 868 3132 ,καί
899 3047 961 3128 τήν
998 3049 1150 3140 ἀδελφήν
1181 3049 1278 3120 ἀπο·
1359 3059 1360 3066 ’

252 3149 389 3239 σφάξαι.
424 3155 480 3216 καὶ
513 3149 531 3218 ὁ
566 3155 663 3240 φίλος
697 3146 860 3230 Πυλάδης
892 3153 949 3216 καὶ
979 3150 1070 3236 παρά
1102 3149 1164 3232 τήν
1196 3177 1278 3239 συμ-

251 3238 365 3341 ςόοράν
398 3255 497 3342 φίλος
534 3255 638 3336 έμεινε
665 3255 722 3318 καὶ
748 3263 917 3317 κοινωνεῖν
944 3249 1051 3336 αὐτῷ.
1075 3255 1134 3333 τῆς
1167 3257 1277 3321 τελευ-
1358 3335 1359 3342 ¹

252 3357 313 3432 τῆς
330 3355 444 3442 ηξίωσε
460 3350 724 3436 προθυμότατα.
750 3354 819 3418 ἐπεὶ
843 3354 877 3417 δέ
896 3358 988 3441 σφίσι
1015 3355 1115 3419 τοῦτο
1144 3359 1277 3422 παθεῖν
1358 3365 1359 3426 5

189 3469 231 3533 30
253 3449 442 3537 προέκειτο,
467 3451 683 3539 συμβουλεύει
712 3450 874 3533 Πυλάδης
890 3456 1041 3520 Μενέλεω
1063 3458 1204 3540 πρῶτον
1224 3482 1276 3534 ,τι-
1299 3516 1308 3540 ,
1358 3449 1359 3454 ¹

142 3603 146 3614 .
251 3559 381 3640 μωρίαν
396 3558 511 3640 λαβεῖν
528 3558 639 3636 λέγων,
666 3552 710 3632 ὠς
734 3553 774 3622 οά
801 3557 849 3620 δεῖ
873 3557 999 3621 τοῦτον
1013 3559 1158 3643 τρυφᾶν,
1180 3554 1277 3640 ήμῶν

216 3676 219 3682 ’
252 3653 434 3721 ἀπιόντων.
454 3651 542 3723 ὅθεν
569 3653 774 3732 εὶςελθόντες
801 3654 874 3720 είσω
904 3657 968 3719 τῶν
993 3657 1169 3740 βασιλείων
1191 3655 1276 3724 Ἐλέ-

254 3781 313 3836 νης
340 3760 450 3837 δῆθεν
479 3756 681 3836 δεησόμενοι,
708 3762 764 3823 ἵνα
790 3751 836 3839 μὴ
868 3757 995 3846 περιίδῃ
1023 3760 1113 3846 σφοῖς
1139 3757 1275 3844 ὀλλυμέ-

253 3882 347 3935 νους,
381 3855 467 3924 ἀλλά
500 3871 595 3944 χεῖρα
629 3857 724 3948 ὀρέξῃ
757 3858 813 3921 καὶ
851 3858 1024 3921 Μενέλεων
1057 3861 1112 3923 καὶ
1145 3855 1274 3927 ἀκοντα

189 3964 230 4028 35
253 3955 530 4048 πρὸς.σωτηρίαν
555 3958 684 4049 κινήσῃ,
710 3959 779 4023 ἐπεὶ
804 3953 932 4035 ταύτην
950 3954 1105 4046 φονεύειν
1124 3964 1275 4046 έμελλον,

321 4281 354 4329 V.
371 4277 396 4332 4.
418 4282 455 4342 τῷ
472 4274 624 4336 Ναυπλιεῖς)
644 4273 767 4339 proponit
786 4271 964 4326 ΝειτσΙιίυε,
