2786 4776
637 345 954 410 ΕΥΡΙΠΙΔΟΥ

623 501 987 580 mensuruus.

394 618 518 698 στείχω.
547 620 577 680 τί
605 619 639 679 δὲ
666 619 893 698 καινουργεῖς,Ι

396 712 604 797 Ἀγάμεμνον
630 711 736 794 ἄναξς

608 793 988 934 ArAmsmnun
1071 805 1073 810 ·

747 937 866 982 nivini.

621 1011 990 1084 ursnsuuna;

950 1116 1092 1184 σπεύδω.

360 1351 395 1400 V.
412 1349 438 1403 8.
475 1347 559 1412 πεύσῃ
578 1347 648 1400 iib'ri.
668 1361 790 1398 caenosis
808 1347 997 1409 Dobrseus,
1022 1363 1100 1412 quem
1123 1361 1259 1417 sequutus
1278 1363 1315 1405 est
1365 1403 1368 1412 ,

293 1423 327 1475 Α.
346 1420 524 1472 Nauokius.
544 1420 599 1470 Alii
619 1415 716 1467 unciis
737 1417 817 1468 scribi
838 1419 994 1478 voluerunt,
1020 1419 1093 1481 quod
1112 1422 1177 1470 mihi
1205 1439 1313 1489 quoque
1369 1423 1374 1435 ’

289 1629 383 1677 ianuas
401 1625 527 1678 habuisse
550 1627 668 1688 videtur,
694 1629 722 1670 ut
740 1637 772 1672 ex

289 1698 378 1747 media
401 1711 449 1746 rex
474 1698 532 1760 ipse
556 1696 654 1756 exiret,
677 1707 772 1742 servus

288 1773 376 1817 autem
394 1781 426 1816 ex
445 1767 533 1829 ianua,
552 1765 667 1828 quaein
686 1763 772 1813 ultera

288 1837 416 1902 praetorii
443 1842 520 1901 parte
545 1841 629 1896 esset,
660 1847 677 1883 a
708 1847 771 1895 rege

288 1912 453 1960 evocaretur.
475 1905 506 1955 Id
525 1903 688 1968 praetorium
700 1901 771 1952 inira

288 1992 313 2029 v.
330 1975 373 2029 12.
398 1971 481 2040 σκηνὴ
504 1974 667 2040 appellatur,
691 1973 770 2020 sicuti

287 2045 367 2096 etiam
386 2045 413 2095 iu
431 2043 563 2094 Hecuba
579 2042 769 2102 tentorium,

287 2115 361 2180 quod
380 2129 405 2167 v.
424 2113 466 2168 53.
503 2109 584 2176 σκηνὴ
609 2112 720 2172 dicitur,
743 2127 768 2162 v.

286 2183 346 2238 665.
382 2179 472 2244 δόμων
496 2181 677 2247 appellatione
704 2179 769 2230 adii·

287 2254 364 2304 citur.

322 2321 357 2373 V.
373 2321 408 2372 2.=
436 2318 512 2370 itii
531 2316 768 2383 καινουργεῖς]

286 2389 435 2453 Aliquanto
456 2391 516 2453 pius
529 2398 580 2454 ,est
603 2391 768 2451 καινουργεῖν

286 2472 365 2523 quam
392 2455 467 2508 καινὰ
491 2456 658 2524 ἐργάζεσθαι,
691 2465 720 2505 ut
747 2461 771 2504 si

286 2533 462 2593 sassonorum
496 2529 573 2594 piane
598 2527 697 2577 Latino
728 2541 767 2575 re-

285 2598 428 2662 spondeat:
461 2595 548 2657 Quid
579 2611 685 2647 rerum
715 2610 767 2645 no-

286 2683 394 2718 varum
411 2667 560 2719 moliris?
589 2665 722 2716 sicinus
741 2681 765 2712 ι.

283 2735 335 2792 836
358 2753 398 2804 sq.
422 2737 542 2790 Achilles
565 2737 664 2785 mirans
688 2733 766 2784 dicit:

284 2807 381 2856 arcisve
402 2803 503 2870 γάμους
525 2801 592 2871 ops·
614 2798 714 2868 ἀφασία
736 2795 767 2864 μ’

283 2875 346 2940 ἔχει,
365 2871 451 2940 γύναι.
488 2873 528 2927 Εἰ
547 2870 583 2938 μή
604 2891 626 2923 τι
650 2888 764 2937 παρανο-

283 2945 353 2996 οῦσα
377 2950 543 3012 καινουργεῖς
566 2939 658 3010 ip'yos.¹
679 2956 766 3007 neque

282 3015 361 3066 aliter
392 3015 461 3066 dixit
495 3013 706 3080 Sophoclea
738 3013 765 3060 in

282 3083 409 3136 Trachin·
427 3083 487 3139 873
508 3085 550 3135 ed.
574 3083 664 3132 Herm.
685 3083 709 3130 ri
732 3075 765 3140 δ’,

282 3145 303 3204 oi
328 3151 431 3222 γεραιά,
458 3149 701 3220 καινοποιῃθὲν
726 3152 763 3200 iu·

297 3237 347 3285 ιιες

282 3240 349 3343 YV.
369 3292 395 3344 3.
433 3288 678 3345 ΑΓΔ.πειὶσιι.
705 3285 764 3342 ΠΡ.

282 3358 435 3428 casdim]
461 3363 538 3416 Hanc
562 3361 691 3412 librorum
718 3373 765 3408 au·

280 3431 432 3482 ctoritatem
461 3433 633 3484 obtinendam
664 3431 765 3494 putavi,

280 3512 335 3548 non
365 3504 419 3550 tam
452 3502 526 3565 quod
557 3503 595 3552 sic
624 3499 765 3564 scripsisse

279 3573 401 3630 putarem
427 3568 598 3636 Euripidem,
628 3570 674 3620 sed
702 3569 765 3632 quia

280 3636 320 3686 sic
337 3636 454 3686 scribere
473 3641 569 3702 potuit,
587 3647 616 3687 ut
627 3640 692 3688 haec
705 3653 765 3688 sen·

279 3705 363 3756 tentia
373 3711 454 3754 esset:
468 3706 564 3758 ΔΘΑ.
576 3705 762 3758 SciessEN.

279 3774 317 3826 Id
342 3788 417 3838 ago,
444 3788 537 3839 nempe
561 3777 632 3840 quod
662 3784 691 3825 tu
722 3792 763 3827 me

278 3845 355 3896 iubes
372 3843 469 3895 iecere.
504 3842 670 3908 Quamquam
689 3844 763 3907 Aga·

277 3915 427 3977 memnoni,
450 3928 502 3979 quo
521 3920 562 3964 est
582 3913 672 3964 animo
691 3928 762 3964 com-

277 3993 350 4040 moto
371 3992 399 4036 et
416 3998 510 4048 aegro,
533 3983 622 4048 potius
647 3997 696 4048 pro
714 3984 761 4034 im-

277 4058 353 4121 perio
378 4057 453 4120 ioqui
477 4054 621 4106 convenire
647 4051 762 4115 videtur,

276 4132 307 4174 ut
326 4129 386 4190 ipsa
411 4126 494 4176 dicat:
520 4119 627 4181 σπεῦδε,
650 4136 761 4206 respon-

276 4194 338 4244 dest
352 4201 440 4246 sutem
455 4210 548 4246 servus
567 4207 660 4244 senex:
680 4205 760 4242 cueu-

277 4257 321 4318 δω,
341 4265 419 4327 piane
439 4271 469 4314 ut
486 4280 511 4318 v.
531 4265 557 4318 2.
654 4270 657 4276 ’

861 1622 891 1670 V.
911 1623 936 1675 4.
974 1621 1064 1684 μάλα
1102 1643 1156 1676 τοι
1194 1630 1310 1694 γῆρας

824 1686 944 1752 τούμὸν
967 1687 1109 1759 ἄϋπνον]
1130 1697 1172 1746 Ex
1188 1699 1309 1749 bacuni-

822 1775 926 1812 versam
939 1763 1009 1812 senis
1030 1764 1209 1818 valetudinem
1223 1769 1308 1819 decia·

822 1837 897 1880 rante
912 1833 1045 1882 sententia
1053 1836 1207 1886 ostenditur
1219 1854 1309 1900 causa,

822 1902 994 1964 quamobrem
1020 1903 1062 1964 id,
1088 1906 1160 1968 quod
1190 1907 1307 1972 iubetur,

820 1970 899 2021 facile
913 1972 1022 2034 exsequi
1035 1975 1128 2034 possit.
1155 1975 1227 2026 Vide
1240 1993 1308 2042 qnae

820 2040 876 2088 dixi
894 2039 927 2090 de
944 2042 1077 2104 particula
1096 2043 1135 2090 soi
1153 2045 1189 2093 ad
1205 2045 1306 2097 Deva·

820 2110 906 2158 rium
932 2110 985 2162 vol.
1008 2109 1045 2160 11.
1068 2125 1095 2175 p.
1119 2111 1172 2166 735
1195 2129 1255 2180 sqq.
1274 2145 1305 2152 -

820 2176 943 2228 Ceterum
961 2179 995 2230 de
1006 2181 1112 2230 ratione
1130 2187 1306 2244 grammatica
1373 2233 1374 2236 ,

820 2247 900 2296 huius
917 2251 1079 2311 sententiae,
1103 2252 1135 2302 de
1152 2269 1207 2318 qua
1225 2257 1305 2304 vehe-

819 2323 920 2370 menter
941 2318 1090 2370 dubitatum
1108 2327 1149 2372 est
1166 2323 1201 2374 ab
1222 2325 1305 2374 inter-

818 2387 946 2450 pretibus,
967 2387 1018 2436 hoe
1036 2389 1147 2454 adnoto,
1165 2393 1303 2444 lenissimo

818 2465 956 2520 zeugmate
986 2457 1056 2508 hunc
1085 2465 1112 2508 et
1147 2471 1302 2527 sequentem

818 2539 924 2575 versum
947 2527 1017 2576 inter
1035 2543 1063 2576 se
1087 2531 1245 2584 coniunctos
1264 2535 1302 2583 vi·

817 2596 884 2644 deri.
920 2593 990 2645 Nam
1007 2611 1056 2662 pro
1080 2612 1133 2661 eo,
1151 2603 1223 2664 quod
1249 2603 1316 2652 diei·

817 2671 934 2728 poterat:
957 2661 1023 2725 puta
1042 2681 1080 2715 τοι
1100 2669 1183 2731 ysicus
1203 2665 1302 2732 τούμὸν

817 2729 922 2784 ἅϋπνόν
935 2765 940 2780 1
955 2732 1038 2794 ἐστιν,
1069 2737 1220 2806 adsumpsit
1250 2741 1301 2792 hoc

816 2804 982 2854 enuntiatum
1000 2805 1035 2856 ad
1057 2821 1172 2870 sequens
1192 2811 1300 2860 verbum

818 2869 932 2939 πάρεστι,
943 2875 1020 2938 qussi
1033 2875 1076 2924 hic
1089 2875 1154 2937 ἐμοί,
1170 2896 1225 2931 ιιοιι
1239 2875 1299 2930 rosi·

816 2939 879 3005 μόν,
897 2946 1026 3008 seriptum
1044 2953 1123 2998 esset.

851 3011 884 3062 V.
904 3012 929 3066 5.
955 3013 1009 3062 sci
1033 3009 1083 3062 ἐπ’
1107 3009 1303 3076 ὀφθαλμοῖο

819 3075 880 3142 ὀξὺ
900 3079 1077 3148 πάρεστιν]
1099 3085 1159 3134 Dici
1185 3085 1231 3134 vix
1253 3101 1301 3149 po·

818 3157 870 3200 test
889 3167 968 3216 quam
996 3155 1071 3203 varia
1093 3162 1173 3219 atque
1197 3169 1214 3204 a
1238 3171 1300 3204 vers

818 3222 922 3271 ratione
934 3223 1023 3272 aliena
1034 3223 1113 3273 fuerit
1126 3223 1224 3274 horum
1240 3241 1298 3274 ser·

816 3289 908 3340 borum
933 3291 1092 3356 explicatio,
1122 3308 1238 3357 quorum
1261 3302 1298 3344 ta-

816 3375 875 3408 men
901 3377 954 3411 una
972 3361 1055 3425 eaque
1075 3377 1130 3412 non
1153 3363 1298 3414 admodum

816 3429 934 3480 difficilis
950 3432 1092 3494 explicatio
1104 3433 1172 3482 haec
1184 3447 1245 3484 esse
1260 3435 1298 3482 vi-

815 3498 901 3566 detur,
918 3505 946 3547 ut
963 3515 1044 3550 senex
1060 3501 1112 3552 hoc
1132 3502 1215 3564 dicat,
1234 3505 1298 3553 sibi

816 3576 1020 3622 senectutem
1040 3571 1149 3620 oculis
1165 3573 1298 3636 quidem

816 3652 926 3688 acrem
950 3647 1050 3702 atque
1078 3647 1212 3690 acutam
1247 3643 1298 3692 ad-

815 3722 892 3759 esse.
937 3707 1043 3758 Etenim
1071 3705 1099 3758 sd
1127 3709 1213 3774 γήραι·
1240 3727 1299 3762 esse

815 3777 961 3826 subiectum
987 3785 1059 3828 recte
1082 3782 1134 3829 iam
1157 3779 1297 3832 Firnha-
1367 3781 1368 3784 ’

814 3848 914 3896 berus
932 3853 959 3896 et
982 3847 1130 3900 Veterus
1153 3851 1296 3900 intellexe-

813 3923 889 3978 runt,
907 3909 951 3964 ἐπ’
971 3910 1119 3980 ὀφθαλμοῖς
1138 3911 1188 3980 ὄξὺ
1207 3927 1297 3970 autem

813 3987 868 4036 alio
887 3986 980 4036 referri
1004 4001 1059 4036 non
1083 4003 1164 4052 posse
1189 3989 1244 4039 nisi
1263 3991 1298 4040 ad

813 4057 951 4110 oculorum
969 4069 1093 4121 acumen,
1113 4059 1157 4122 qui
1178 4056 1297 4110 Graeco·
1365 4105 1366 4114 ,

812 4139 871 4175 rum
890 4126 996 4176 dicendi
1017 4127 1241 4178 consuetudinem
1257 4129 1314 4179 in-'

813 4196 846 4244 de
865 4195 898 4245 ab
921 4195 1040 4244 Homero
1063 4204 1134 4248 recte
1159 4200 1296 4262 cognitam

812 4263 945 4328 habuerit,
965 4266 1045 4315 credo
1064 4273 1224 4330 negaturum
1237 4283 1296 4318 esse
