2806 4782
304 360 344 424 8⁶2
645 358 961 426 ΕΥΡΙΠΙΔΟΥ

640 533 661 595 Ι
670 531 731 596 (ΙΙΙ
738 529 769 594 Γ
776 529 844 592 ΕΝ
855 528 911 592 ΕΙ
918 526 960 592 Α.

404 624 458 720 ἆρ’
491 629 534 700 ἄν
561 635 594 698 τί
619 655 676 717 μοι
704 627 867 718 φράσειας
893 617 940 692 ὧν
965 619 1024 708 ἐγὼ
1054 626 1167 704 &adm

667 731 766 798 OPE
773 731 812 796 Σ
822 731 891 794 ΤΗ
903 730 948 794 Σ.

405 834 449 914 ὡς
473 842 508 901 ὲν
534 841 686 920 παρέργῳ
713 835 772 911 τῆς
797 833 877 912 ἐμῆς
903 825 1116 912 δυςπραξίας.

638 938 658 1000 Ι
672 935 733 1000 ‹hi
741 935 773 998 Γ
780 934 849 998 ΕΝ
858 933 913 1001 ΕΙ
921 933 965 996 Α.

309 1035 378 1114 515
405 1034 540 1123 καὶμὴν
555 1032 722 1111 ποθεινός
740 1033 764 1114 γ’
788 1022 893 1112 ἦλθες
908 1027 1091 1118 ὲξἎργους
1112 1022 1231 1114 μολών.
1253 1017 1308 1082 500

668 1136 769 1202 OPE
774 1137 812 1200 Σ
820 1136 890 1200 'I'H
901 1134 947 1201 Σ.

406 1234 528 1306 οὕκονν
555 1239 686 1322 ἐμαυτῷ
714 1234 768 1318 γ’·
796 1242 823 1302 εὶ
851 1239 885 1300 di
913 1239 979 1322 noi,
1009 1231 1048 1301 σύ
1075 1227 1172 1301 τοῦτ’
1201 1227 1282 1315 ἐροῦ.

639 1341 660 1403 Ι
671 1340 732 1403 (ΙΙΙ
741 1340 774 1404 Γ
780 1339 810 1402 E
815 1339 848 1400 Ν
857 1338 913 1402 ΕΙ
920 1338 963 1406 Α.

410 1437 541 1538 Τροίαν
572 1439 648 1516 ἴσως
674 1436 787 1516 οἶσθ’,
815 1427 853 1518 ἧς
879 1433 1078 1526 ἁπανταχοῦ
1101 1435 1211 1520 λόγος.

376 1670 406 1722 V·
424 1671 485 1726 501·
521 1671 550 1722 οὐ
572 1670 648 1722 τοῦτ’
669 1673 731 1736 ἐροῦ
751 1671 917 1723 Klotzhus.
937 1667 966 1720 οι)
987 1667 1065 1720 τοῦτ’
1088 1669 1135 1736 lpse
1155 1667 1221 1718 iibri.

306 1840 363 1896 ἔξω·
387 1839 511 1906 ξυλλέγων
531 1839 639 1892 intutae
664 1840 719 1892 Ota
747 1841 785 1890 Ιν-

307 1911 369 1974 dou,
395 1909 479 1966 αὐτὸς
503 1910 530 1962 d’
556 1912 628 1962 tator
651 1907 787 1975 ἀναβάδην

306 1985 378 2032 noser*
397 1981 557 2046 Τραγῳδίαι.
584 1981 657 2032 Alit.
676 1975 697 2032 ὦ
717 1997 792 2046 τρις-Χ

307 2048 415 2118 μακάρι’
442 2047 581 2118 Εὐριπίδη,
596 2048 659 2099 'Oe’
681 2048 695 2100 ὁ
722 2051 787 2098 δοῦ-

308 2119 351 2177 λος
374 2116 469 2170 οὑτωσὶ
495 2124 580 2186 σοφῶς
609 2119 785 2188 ὑποκρίνεται,

307 2188 368 2239 vide
396 2203 465 2253 quae
489 2189 672 2253 Bergierns
704 2188 736 2238 ad
761 2187 785 2238 h.

306 2259 323 2308 1.
343 2256 478 2309 adnotavit
496 2266 522 2309 et
541 2258 573 2309 de
583 2258 706 2324 Euripide
717 2257 785 2307 conf.

307 2328 395 2378 Orest.
425 2327 485 2381 904.
511 2319 628 2392 Ἀργιῖοξ
653 2325 700 2378 οὐκ
723 2325 785 2391 Ἀρ-

307 2401 385 2460 γιῖος.
413 2399 511 2448 ΑΙοειΙ.
540 2399 608 2447 iores
634 2397 662 2446 di
683 2393 784 2446 κούκέτ’

195 2493 202 2498 -
307 2465 383 2514 ἔστιν.
407 2465 501 2518 Helen.
523 2467 580 2520 138.
606 2471 716 2516 τεθνᾶσι
739 2463 784 2514 κοῦ

307 2537 427 2584 τεθνᾶσι.

342 2637 374 2686 V.
397 2636 456 2690 499.
500 2635 538 2694 ὥς
573 2639 603 2686 ἐν
638 2642 787 2704 παρέργῳ

306 2710 363 2766 τῆς
381 2705 460 2770 duri<
477 2707 684 2776 δυσπραξίας]
699 2709 785 2772 „Sen-

308 2774 387 2826 tentia
413 2782 466 2826 est:
492 2775 631 2828 Videris
655 2777 715 2830 hoc
733 2794 785 2844 po-

308 2846 445 2896 stutare
481 2851 643 2912 tamquam
677 2849 705 2898 in
734 2863 785 2898 ec·

308 2917 539 2967 cessionem
579 2917 786 2968 calamitatis

307 2999 402 3036 meae.
439 2983 507 3036 Nos:
542 2985 632 3037 Wohi
661 2985 785 3052 gleich-

307 3069 370 3106 sam
400 3069 455 3104 zur
485 3056 616 3118 ergabe
645 3072 684 3106 zu
711 3056 785 3106 mei·

307 3137 377 3175 nem
415 3124 573 3190 Ungtiicir.
628 3126 696 3176 Dicit
737 3123 785 3175 hoc

307 3193 416 3244 Oresten
431 3207 481 3243 non
495 3196 551 3245 sine
563 3196 704 3245 acerbitate
723 3209 785 3258 qua-

308 3262 381 3326 dam,
407 3263 475 3328 quod
499 3279 550 3315 non
573 3265 725 3329 simpliciter
743 3280 784 3314 sa-

191 3363 201 3380 ,
307 3332 400 3384 cerdon
418 3334 546 3385 immolari
568 3350 596 3384 ae
615 3335 719 3396 iubeat,
737 3333 783 3384 sed

307 3401 355 3452 hac
377 3405 514 3454 occasione
537 3404 611 3454 simui
637 3411 725 3454 utatur
751 3403 783 3454 ad

306 3471 389 3521 ahena
439 3473 565 3536 quaedam
615 3474 783 3524 sciscitantia.

308 3538 384 3590 Gont.
403 3541 490 3592 Orcot.
508 3543 566 3596 609·
587 3541 717 3608 πάρεργον
736 3541 784 3593 ου’-

306 3611 342 3668 ro?
364 3606 483 3673 θήσομαι
506 3611 601 3661 πόνων.
634 3613 714 3662 Herc.
735 3613 783 3662 fur.

306 3676 383 3730 1340.
412 3677 528 3744 urr'pspyn
556 3678 606 3746 γαρ
636 3679 700 3730 'crs'd'
728 3678 782 3730 ἔστ’

306 3747 373 3813 ipris·
414 3751 531 3802 κακῶν.“
576 3749 784 3800 SEIDLERUS.

307 3855 390 3902 houte
401 3833 539 3899 Kvidala
560 3853 695 3915 perspexit
709 3851 785 3904 Seid·

306 3921 353 3974 ieri
375 3921 500 3970 tationem
529 3918 602 3970 huius
625 3923 677 3972 ioci
701 3921 785 3986 expli-

306 3989 381 4044 candi
409 3990 486 4040 unice
511 4005 571 4040 esse
602 4005 704 4050 veram,
735 4003 785 4056 qua

304 4060 409 4126 quidem
436 4061 546 4111 Orestes
575 4066 711 4111 aversatur
739 4076 783 4124 po·

304 4133 355 4182 tius
390 4145 466 4194 quam
503 4128 596 4193 probat
636 4127 785 4196 iphigeniae

304 4201 493 4252 curiositatem.
536 4198 568 4252 ld
590 4201 703 4252 sentiens
730 4201 783 4254 iam

303 4270 366 4324 dicit
383 4268 528 4336 Iphigenia:

655 4374 660 4408 r

873 1840 901 1890 V.
926 1840 986 1893 500.
1027 1838 1079 1886 real
1108 1835 1174 1902 μὴν
1207 1835 1310 1884 ποθει-

837 1907 891 1965 νός
914 1909 940 1974 γ’
968 1902 1073 1971 ἦλθες
1091 1906 1161 1971 ath]
1183 1905 1222 1956 Ea
1241 1901 1310 1951 verbu

835 1979 892 2030 iere
923 1980 990 2028 hanc
1018 1979 1176 2028 seutentiam
1212 1972 1309 2023 habent:

836 2047 884 2098 Tu
906 2047 1059 2113 repudias
1085 2046 1309 2096 curiositatem

837 2132 945 2181 meam,
962 2115 1022 2166 sed
1043 2131 1101 2180 ego
1125 2125 1231 2166 tamen
1252 2109 1309 2159 diu-

838 2195 933 2236 turno
970 2187 1146 2238 desiderio
1166 2179 1310 2235 =tenebar

837 2256 915 2308 haec
956 2271 994 2306 ex
1033 2257 1163 2320 Argivo
1204 2250 1309 2312 utiquo

836 2323 1052 2377 sciscitandi.
1178 2371 1181 2376 .

874 2395 902 2444 V.
925 2395 985 2449 501.
1030 2392 1157 2443 odoror
1187 2387 1309 2458 ἐμαυτῷ

836 2464 879 2532 γ’·
916 2467 945 2515 εὶ
979 2463 1012 2514 δὲ
1048 2464 1114 2523 σοί,
1153 2462 1186 2513 σι)
1225 2451 1307 2508 τοῦτ’

837 2536 934 2600 ἐροῦ]
971 2531 1037 2584 Νοιι
1074 2533 1154 2584 mihi
1190 2527 1308 2594 quidem

838 2620 885 2654 me
926 2605 986 2653 huc
1027 2605 1144 2652 venire
1186 2603 1307 2665 gratum

837 2675 919 2723 tutte
944 2675 994 2722 siu
1013 2673 1089 2733 tibi,
1115 2679 1149 2721 tu
1174 2667 1232 2720 hoo
1254 2664 1309 2714 soi·

839 2744 974 2793 scituro.
1019 2741 1068 2792 His
1098 2741 1184 2791 verbis
1208 2739 1308 2789 Orestes

837 2827 884 2879 pro
909 2826 950 2873 eo,
971 2812 997 2860 in
1020 2827 1072 2875 quo
1098 2811 1156 2874 ipse
1178 2809 1308 2859 estatem,

836 2887 910 2932 recte
930 2881 1044 2944 denegat
1067 2880 1115 2929 sibi
1140 2885 1240 2944 gratum
1258 2885 1309 2924 esse

837 2969 866 3002 ee
885 2951 935 3000 true
954 2953 1070 3009 vertisse,
1095 2950 1142 3000 aed
1163 2956 1248 3000 tamen
1265 2944 1308 2992 iam

836 3021 959 3072 concedit
976 3019 1135 3084 Iphigeniae,
1154 3027 1193 3081 ut,
1213 3016 1245 3064 de
1263 3023 1308 3092 quo

834 3093 891 3155 ipsa
903 3105 926 3140 v.
939 3089 1000 3143 498.
1026 3084 1069 3152 ἆρ’
1090 3089 1125 3136 ἄν
1143 3091 1170 3137 τί
1186 3104 1232 3152 μοι
1250 3094 1308 3146 φρα-

834 3178 905 3215 σειεις
922 3151 957 3210 ὧν
978 3156 1029 3224 ἐγώ
1048 3161 1132 3216 θέλω
1157 3154 1307 3230 significato⁴

834 3236 874 3280 rat
891 3245 922 3278 se
941 3228 1069 3279 sciscitari
1089 3243 1120 3277 ex
1140 3244 1172 3278 eo
1193 3225 1269 3282 reite,
1286 3213 1307 3266 td

834 3300 883 3349 iam
904 3297 978 3348 dese
995 3301 1149 3362 iuterroget.
1174 3297 1207 3348 Et
1226 3300 1309 3369 raveto

833 3367 968 3433 Iphigenia
988 3383 1011 3417 v.
1025 3367 1085 3421 502.
1106 3365 1138 3416 ad
1158 3365 1185 3417 id
1204 3357 1307 3415 accedo,

834 3440 867 3490 de
886 3454 937 3501 quo
957 3453 1084 3502 quaerere
1103 3452 1135 3486 ex
1153 3435 1249 3486 Orerte
1267 3441 1307 3476 vo·

834 3509 895 3568 luit,
920 3508 1009 3571 etqui
1029 3521 1086 3557 eam
1105 3507 1219 3555 iusserat
1236 3503 1308 3550 inter·

834 3591 928 3642 rogate
946 3577 1036 3642 (ἐροῦ)
1055 3573 1147 3626 sedulo
1165 3566 1306 3638 respondet·

835 3647 870 3698 Et
900 3645 934 3697 de
969 3645 1119 3696 coniectura
1157 3659 1230 3709 meu,
1263 3647 1308 3714 (11ξῦ

834 3717 913 3782 ἐροῦ,
947 3714 971 3764 id
999 3713 1070 3778 quod
1096 3713 1158 3764 oiim
1189 3713 1215 3763 in
1242 3707 1307 3760 iibrtt

835 3787 961 3850 scriptum
988 3784 1037 3834 tuit
1056 3785 1113 3846 Ιριι,
1138 3798 1189 3856 ρει)1
1203 3782 1247 3846 ἔρα
1264 3787 1306 3840 ρο·

836 3855 888 3916 eui,
926 3854 1038 3904 dubitari
1067 3851 1127 3902 mihi
1156 3867 1233 3916 posse
1262 3853 1307 3895 non

836 3924 946 3974 videtur.
984 3925 1033 3990 ἔριῦ
1069 3929 1095 3972 et
1130 3923 1177 3989 δρᾷ
1206 3915 1307 3969 contusa

837 3995 918 4045 etiam
938 3991 1004 4043 inira
1023 3997 1085 4042 sunt
1103 4006 1126 4042 u.
1147 3991 1222 4044 1012.
1256 3984 1307 4064 ΙΙΙ]-

836 4065 947 4114 bitatum
977 4068 1018 4113 est
1042 4060 1075 4112 de
1099 4068 1209 4112 accentu
1233 4065 1307 4108 vocrsr

836 4138 863 4184 et
881 4147 948 4182 nunc
972 4129 1076 4196 quidem
1101 4135 1180 4196 vutgo
1199 4123 1308 4180 scribunt

834 4203 950 4270 ἐρέσθαι,
969 4201 1039 4270 ἐροῦ·
1051 4208 1078 4252 et
1094 4215 1161 4264 quiae
1176 4205 1234 4249 sunt
1246 4194 1306 4244 eius-

834 4270 920 4330 modi,
949 4277 979 4322 ut
1007 4270 1057 4336 ipsi
1086 4271 1111 4322 in
1140 4270 1227 4322 Oreat.
1254 4258 1306 4317 763.
