2730 4774
454 347 762 418 PROOEMIUM.
1081 359 1115 418 ll

90 523 101 586 i
127 543 201 586 sum
230 541 325 603 esse,
360 543 427 604 quo
457 519 568 586 contio
600 521 720 585 civium
750 523 951 608 Argivorum
987 541 1118 588 cansam

91 545 226 672 directis
254 605 443 670 iudicatura
472 604 532 681 sit3
568 604 662 670 cuius
689 603 804 670 iudicii
832 629 899 672 una
933 628 1010 693 spes
1046 628 1118 672 esse

90 689 246 758 videatur
275 691 310 754 in
341 690 518 776 Menelao,
536 689 607 772 ,qui
636 688 700 756 hoc
728 690 803 776 ipso
832 691 884 756 die
913 693 1015 776 Troia
1044 713 1118 756 cum
1230 705 1233 712 '

92 775 225 840 Helena
246 775 415 841 rediturus
441 795 517 840 esse
540 773 671 838 dicitur.
716 775 818 842 Recte
841 777 926 840 enirn
949 786 982 842 et
1004 776 1119 842 ordine

91 859 173 926 Chr.
199 861 284 925 Dan.
306 858 499 926 Beckius
522 861 759 942 oeconomiam,
791 883 888 942 quam
909 861 1041 944 dicunt,
1070 859 1130 924 ia·'

90 945 190 1012 bulae
217 945 268 1010 his
299 945 369 1010 fere
397 944 508 1009 verbis
537 966 578 1008 ex
603 943 707 1008 osuit:
753 943 891 1011 Orestes
922 954 998 1011 ante
1031 947 1118 1010 fores

89 1029 224 1101 aedium
257 1039 486 1116 paternarum,
525 967 645 1112 quibus
681 1030 724 1094 ob
754 1029 976 1096 matricidium
1006 1030 1117 1115 prohi-

90 1116 250 1196 bebatur,
282 1115 316 1179 iu
347 1123 451 1180 strato
482 1113 665 1198 dormiens,
695 1113 860 1181 dirissimo
889 1117 1003 1182 morbo
1036 1137 1116 1180 con·

89 1201 199 1268 fectus
226 1199 332 1281 iacet,
363 1208 458 1264 sexta
487 1196 560 1282 die,
599 1221 640 1264 ex
669 1223 735 1284 quo
763 1197 900 1266 matrem
932 1215 1117 1289 necaverat,

91 1308 159 1368 qua
194 1283 268 1370 ipsa
306 1284 358 1350 die
398 1283 440 1348 de
470 1283 539 1348 eius
575 1305 682 1368 poena
709 1285 826 1352 civitas
856 1285 1030 1352 decretura
1059 1295 1118 1354 est

89 1369 217 1434 Adstat
256 1369 389 1434 Electra
424 1389 527 1448 soror.
570 1369 706 1456 Duplex
740 1371 909 1458 prologus.
972 1371 1118 1436 Primum

89 1455 227 1520 Electra
254 1477 349 1520 suum
372 1476 477 1542 genus
501 1452 638 1538 eiusque
661 1455 837 1539 fortunam,
861 1455 995 1528 caedem
1012 1456 1117 1542 patris

90 1553 124 1605 et
146 1539 274 1621 matris,
298 1540 424 1604 furores
448 1538 579 1604 Orestis
601 1549 635 1604 ct
656 1563 753 1626 spem
774 1541 809 1606 in
831 1541 997 1624 Menelao,
1024 1540 1117 1607 cuins

91 1624 218 1691 reditus
264 1647 323 1691 exs
348 1633 495 1707 ectatur,
540 1624 681 1708 positam
715 1625 852 1711 copiose
881 1623 1018 1713 exponit
1056 1625 1116 1710 (V.

93 1717 109 1777 1
142 1747 176 1757 -
200 1711 264 1785 70).
318 1647 450 1775 Beinde
480 1709 610 1788 Helena
639 1711 741 1776 Troia
762 1710 860 1779 modo
891 1711 996 1776 redux
1027 1709 1118 1776 facta

91 1797 126 1860 in
148 1817 299 1861 scaenam
321 1793 432 1881 prodit
454 1803 488 1860 et
508 1793 674 1860 Electram
702 1795 795 1861 iubet
816 1797 850 1861 in
872 1796 986 1862 matris
1009 1805 1116 1860 tumu-

92 1882 159 1945 lum
189 1879 352 1964 primitias
383 1900 549 1946 comarum
579 1879 713 1946 suarum
742 1881 942 1964 inferiasque
972 1881 1117 1958 deterre3

9 2049 10 2054 ἵ
93 1975 129 2029 at
148 1963 231 2030 haec
261 1964 441 2064 respondet
470 1987 536 2030 non
558 1987 614 2049 se,
635 1987 749 2054 verum
770 1965 882 2050 potius
903 1964 1118 2031 Hermionam

9 2075 11 2112 r
95 2048 239 2114 Helenae
277 2049 380 2118 filram
416 2048 610 2115 mittendam
639 2073 732 2133 esse,
764 2070 863 2135 quam
884 2049 991 2149 ipsam
1013 2059 1119 2114 mater

9 2127 11 2258 q
99 2145 210 2199 evocat
230 2135 462 2220 mandatisque
486 2135 516 2201 ei
538 2134 624 2224 datis
649 2135 690 2202 de
713 2157 834 2201 scaena
856 2135 926 2200 abu
948 2135 1007 2217 (V.
1034 2137 1118 2198 71-

9 2261 10 2280 2
96 2220 183 2303 125).
233 2221 374 2308 Electra
399 2221 547 2286 Helenae
575 2222 710 2286 abeunti
733 2219 818 2286 mala
838 2229 1010 2306 precatnr3
1041 2243 1117 2285 mox

93 2305 230 2370 chorum
258 2306 432 2372 mulierum
460 2305 681 2392 Argivarum,
712 2327 809 2388 quem
831 2304 990 2372 accedere
1013 2304 1117 2388 videt,

9 2393 10 2430 l
92 2389 180 2454 unde
202 2391 306 2477 ipsius
330 2391 471 2456 actionis
491 2390 619 2456 initium
644 2389 783 2474 orditur,
806 2389 919 2458 monet
934 2413 975 2456 ue
998 2390 1116 2474 strepi-

92 2487 162 2540 tum
184 2477 286 2541 faciat
309 2497 376 2559 quo
400 2474 539 2544 Orestes
562 2477 735 2560 excitetur,
760 2486 889 2542 etcum
912 2500 951 2541 eo
965 2475 1007 2540 de
1030 2485 1118 2541 sorte

90 2560 203 2625 fratris
235 2560 374 2626 adversa
401 2560 621 2645 colloquitur,
650 2561 740 2646 quod
769 2562 969 2646 colloquium
991 2561 1038 2624 ita
1061 2560 1117 2625 de-

91 2645 215 2729 currit,
244 2655 283 2710 ut
305 2645 425 2711 chorus
454 2645 610 2733 hymnum
647 2647 681 2712 iu
710 2647 852 2713 Noctem
881 2668 907 2711 ι.
946 2647 1116 2726 Somnum,

91 2729 227 2812 Electra
257 2730 426 2796 Threcum
465 2739 578 2796 cantet
605 2734 651 2814 (v.
684 2734 745 2798 126
775 2769 818 2780 -
848 2733 936 2816 210).
989 2731 1116 2815 Exper-

90 2816 231 2902 giscitur
273 2815 435 2896 Orestes>
472 2817 673 2900 colloquium
710 2817 859 2884 nascitur
894 2839 968 2883 cum
1001 2837 1118 2882 *sorore

90 2902 195 2966 mutui
230 2903 352 2968 amoris
382 2902 548 2967 tenerrimi
572 2901 716 2988 pierium,
740 2903 800 2968 sed
830 2903 967 2968 nimium
988 2909 1117 2986 protra-

91 2994 181 3051 ctum
211 2995 245 3050 et
267 3009 367 3075 saepe
389 2988 488 3054 rebus
510 2988 598 3054 tritis
618 2989 840 3077 occupatum,
870 3011 970 3074 quum
993 2986 1029 3061 id
1050 2989 1139 3050 no‘ue

89 3071 189 3138 modo
220 3071 264 3136 ad
283 3071 416 3138 Orestis
437 3073 614 3157 fortunam,
640 3097 754 3140 verum
785 3074 883 3140 etiam
906 3072 949 3138 ad
971 3071 1118 3138 Menelai

90 3157 304 3242 Helenaeque
326 3155 466 3224 reditum
488 3159 668 3245 pertineam
694 3160 820 3225 interea
847 3161 939 3225 furor
965 3157 1117 3225 Orestem
1150 3181 1156 3189 ·

89 3250 252 3328 occupat,
282 3244 356 3328 ipse
386 3244 488 3312 finias
509 3243 617 3328 videt,
648 3255 718 3310 tum
746 3245 833 3310 redit
853 3244 896 3310 ad
920 3267 955 3310 se
978 3252 1012 3306 et
1040 3242 1117 3306 Ele·

89 3337 193 3392 ctram
215 3327 384 3412 bortatur,
414 3339 452 3394 ut
470 3329 537 3396 sibi
559 3331 713 3397 consulat
733 3331 807 3414 ipsa
827 3340 861 3394 et
882 3353 918 3396 se
941 3336 1116 3393 sustentet.

90 3414 176 3478 Abit
199 3414 375 3480 Electra'a
396 3415 499 3480 fratre
522 3415 648 3482 monita
671 3417 718 3500 (v.
743 3418 806 3480 210
837 3451 863 3460 -
893 3414 983 3498 315).
1028 3410 1117 3478 Obo-

87 3521 146 3563 rns
175 3497 379 3566 Eumenidas
415 3500 568 3584 invocat,
599 3499 749 3587 deplorat
786 3500 935 3565 morbum
972 3496 1116 3580 Orestis,

87 3584 298 3667 Menelaum,
343 3607 417 3650 uem
447 3585 602 3652 advenire
630 3584 733 3668 videt,
764 3586 887 3658 salutat
918 3587 964 3670 (v.
989 3586 1052 3648 316
1076 3621 1117 3632 -

87 3670 180 3752 355).
238 3667 273 3735 Is
304 3608 443 3739 edoctus
472 3669 513 3736 de
535 3671 669 3738 fortuna
691 3671 951 3759 Agamemnonis
981 3680 1016 3737 ct
1038 3668 1116 3756 Oly-

86 3754 323 3838 taemnestr'ae,
361 3755 492 3842 singula
522 3779 563 3822 ex
602 3755 724 3822 Oreste
755 3756 964 3838 sciscitatur,
1002 3777 1118 3840 parum

85 3841 159 3924 ipse
182 3840 291 3905 animo
314 3852 517 3920 commotns3
544 3839 699 3925 Orestes,
724 3842 780 3926 qui
804 3863 841 3907 se
863 3841 1008 3906 omnium
1032 3837 1117 3904 odiis

85 3925 276 4010 expositum
299 3949 388 3992 nunc
403 3926 513 4011 ipsum
534 3926 568 3990 in
582 3926 729 4013 periculo
753 3927 870 4013 capitis
891 3926 1015 3992 versari
1039 3945 1117 4008 que-

84 4011 182 4091 ritur,
206 4011 351 4076 Menelai
366 4035 463 4096 opem
477 4013 520 4077 im
546 4011 631 4092 lorat
645 4023 817 4098 praesente
827 4012 927 4077 choro
951 4013 997 4096 (v.
1013 4011 1074 4074 365
1085 4032 1116 4056 -ᾱ

84 4099 172 4174 455).
219 4097 268 4160 At
279 4037 605 4182 Tyndareus'adest,
628 4120 728 4164 senex
750 4099 861 4184 gravis
884 4097 990 4176 annis,
1015 4116 1115 4178 quae·

82 4203 161 4248 rens
198 4181 388 4248 Menelaum
424 4193 457 4249 ct
488 4181 582 4249 valde
614 4185 725 4269 nepoti
755 4185 884 4263 iratus,
925 4203 1031 4265 neque
1062 4188 1118 4244 aut
