2790 4774
287 349 348 428 160
625 361 943 432 ΕΥΡΙΠΙΔΟΥ

384 531 454 604 άπό
481 529 699 618 μαντοσύναν

385 629 562 705 νυκτωπὸν
588 634 706 714 λξεῖλεν
732 633 883 720 βροτῶν,

290 739 384 817 1280
412 739 468 806 καὶ
497 730 597 821 τιμάς
622 732 725 801 πάλιν

386 843 476 920 θῆκε
502 835 629 922 Λοξίᾳ,
1044 923 1048 928 ³

389 937 580 1026 πολυάνορι
607 935 637 1004 δ’
668 943 703 1003 λν
728 933 871 1016 ξενόεντι
900 931 1021 1019 θρόνῳ

387 1040 507 1130 θάρση
532 1039 670 1126 βροτοῖς
697 1035 885 1126 θεσφάτων
911 1031 1054 1113 ἀοιδαῖς.

652 1137 926 1206 ΑΓΓΕΛΟΣ.

385 1234 409 1309 ὦ
438 1237 651 1333 ναοφύλακες
679 1236 801 1324 βιύμιοί
826 1235 855 1303 τ’
886 1237 1071 1314 ἐπιστάται,
1384 1305 1385 1312 ρ

195 1397 199 1406 .
290 1341 383 1420 1285
412 1340 504 1420 Θόας
529 1337 618 1421 άναξ
643 1343 704 1422 γῆς
731 1342 827 1421 τῆςδι
855 1341 921 1406 ποῦ
946 1351 1038 1425 κυρεῖ
1061 1335 1194 1426 βιβάς;
1224 1336 1306 1402 1255

388 1442 509 1512 καλεῖτ’
542 1441 797 1522 ἀναπτύξαντες
823 1438 1014 1532 εύνόμφους
1044 1437 1152 1520 πύλας

386 1545 443 1626 λξιι
470 1541 655 1635 μελάθρων
682 1545 784 1610 τῶνδε
811 1547 973 1628 κοίρανον
996 1541 1143 1630 χθονός.
1199 1547 1202 1551 ’

695 1645 894 1714 ΧίίΡθΣ.

390 1751 422 1814 τί
446 1742 477 1813 δ’
508 1751 608 1826 ἔστιν,
635 1751 663 1812 ελ
686 1743 751 1832 χρὴ
771 1743 817 1829 μὴ
841 1747 1079 1813 κελευσθεῖσαν
1105 1748 1232 1831 λέγεινς

657 1845 932 1914 ΑΓΓΕΛΟΣ.

385 1949 507 2034 βεβᾶσι
534 1949 681 2040 φροῦδοι
707 1951 858 2032 δίπτυχοι
885 1951 1017 2014 νεανίαι

291 2047 386 2124 129⁰
410 2047 692 2137 Ἀγαμεμνονείας
718 2045 842 2126 παιδὸς
868 2055 902 2116 ἐκ
926 2046 1167 2134 βουλευμάτων
1224 2045 1308 2112 1260

353 2282 485 2337 V.1248
521 2280 688 2368 μαντοσύυαν
706 2282 925 2345 Musgravius.
946 2277 1101 2332 λαθοσύναν
1120 2281 1206 2336 Oodd.
1229 2281 1261 2334 Β.
1280 2291 1309 2333 et

285 2352 315 2404 G.
340 2369 391 2405 sec.
416 2368 509 2418 apogr
532 2354 634 2404 Pariss.
660 2345 687 2401 δ’
713 2347 887 2402 είλαθασύναν
909 2353 1051 2417 proposuit
1075 2354 1202 2404 dubitans
1221 2352 1247 2402 N
1253 2369 1308 2406 au

286 2423 389 2474 ckius.

354 2493 389 2542 V
408 2491 486 2546 1255.
522 2489 597 2556 τῆεδε
615 2492 664 2557 γῆν
682 2491 749 2542 Coti.
769 2489 801 2541 Β.

354 2563 387 2612 V.
405 2562 482 2615 1258.
520 2561 689 2611 τελεσθεῖσαν
706 2578 723 2611 a
740 2575 780 2624 pr.
800 2575 833 2610 m.
854 2557 922 2608 Cod.
941 2556 974 2606 Β.

353 2631 388 2680 V.
407 2631 484 2686 1261.
521 2628 653 2695 φυγόντες
671 2630 833 2682 coniecitL.
853 2627 1065 2680 Dindcriius.
1086 2627 1199 2678 iniuria.

354 2700 388 2751 V
409 2702 486 2756 1269
522 2695 672 2762 μίνυνθ’
691 2697 840 2763 ύμῖνλίοεί
866 2697 964 2760 μέτεστι
984 2690 1306 2762 χύμϊνΜετΙτΙαιιδαε,

286 2783 365 2833 quem
383 2769 621 2822 Kirchhoifius
647 2777 674 2820 et
698 2769 908 2822 Schoenius
932 2769 1039 2832 sequuti
1064 2775 1133 2816 suut.
1169 2767 1306 2832 Deinceps

285 2837 365 2904 μέροε
382 2848 533 2906 suspectum
551 2841 719 2904 Nauekio‚
739 2842 784 2905 qui
804 2840 956 2890 dubitanter
975 2837 1081 2902 quidem
1099 2833 1307 2902 proponitiprv

319 3009 354 3062 V.
365 3010 433 3064 1252
441 3027 480 3076 sq.
500 3007 682 3074 πολυάνορι
696 3003 720 3057 δ’
737 3006 770 3058 όν
821 3008 911 3068 vellet,
925 3008 953 3057 iu
966 3007 1082 3071 scopulis
1100 3006 1227 3058 haesisse.
1246 3007 1305 3058 Iam

286 3076 432 3141 ξενόεντι
445 3078 559 3146 θρόνῳ
572 3079 632 3144 κτλ]
647 3080 679 3130 in
692 3079 770 3129 sede
820 3091 867 3127 rex
884 3079 974 3128 omniu
993 3078 1050 3126 vult
1067 3079 1204 3140 suscipere
1222 3084 1252 3126 nt
1264 3094 1305 3127 re-

286 3164 363 3200 τετυ
382 3151 579 3214 frequentia
597 3149 769 3212 hospitum
819 3149 905 3199 tineat
925 3147 1096 3210 aufugientes
1120 3161 1219 3210 eosque
1243 3162 1306 3210 poe-

286 3220 462 3270 eelebreta
484 3219 646 3268 fiduciam*
663 3219 769 3268 reddi·
819 3217 1077 3280 nistunaquechori
1091 3217 1215 3266 mulieres
1218 3232 1306 3282 ,quae

286 3289 335 3348 dit
355 3285 441 3354 (πάλιν
458 3287 538 3352 θῆκε)
559 3289 769 3350 mortalibus,
820 3287 910 3350 iugum
939 3288 1118 3348 adiuvissent,
1146 3301 1227 3349 quum
1253 3287 1305 3336 Mi-

194 3356 205 3370 '
286 3373 380 3422 quam
409 3357 626 3409 oraculorum
656 3358 768 3408 carmi·
819 3371 903 3406 nerva
919 3363 1032 3419 apparet
1048 3357 1135 3406 subito
1155 3363 1305 3420 utquerem

285 3426 384 3478 nibus
403 3429 570 3480 heberent.
821 3427 965 3489 componit.

321 3496 355 3544 V
374 3497 533 3564 ltotsqq.·
526 3512 580 3546 ram
597 3500 707 3548 nuntius
725 3513 769 3548 ve·
875 3496 907 3544 V.
934 3493 1011 3548 1254.
1039 3511 1059 3543 ω
1050 3455 1304 3558 ναοφύλακες]

286 3563 441 3628 nitaliquis
462 3567 703 3630 omitteremus,
723 3567 771 3631 qui
821 3564 900 3616 Coni.
919 3580 1000 3630 supra
1018 3581 1042 3617 v.
1062 3565 1122 3618 996
1160 3563 1213 3624 Qui
1232 3563 1306 3612 dein·

286 3647 344 3680 cum
359 3633 501 3696 Iphigenia
519 3636 705 3698 discesserant,
723 3637 770 3700 qui
820 3649 882 3699 ceps
897 3635 1065 3698 appellantur
1084 3631 1181 3696 βώμιοι
1202 3629 1305 3682 ἐπιστό-

285 3715 375 3764 regem
393 3705 497 3765 quaerit
515 3705 593 3767 eique
616 3705 770 3754 advenienti
820 3721 873 3763 ται,
892 3712 954 3753 sunt
972 3705 1027 3766 illi,
1046 3707 1091 3768 qui
1110 3705 1232 3754 victimas
1251 3718 1306 3752 ma·

286 3785 321 3820 ex
339 3772 439 3834 templo
457 3774 571 3834 nuntiat,
592 3774 654 3836 quud
667 3776 770 3825 luteres
819 3774 928 3824 ctnbant
945 3773 978 3823 ab
996 3775 1204 3837 ipsasecerdots
1221 3774 1305 3824 aseri-

285 3841 384 3890 factum
404 3842 451 3892 sits
471 3809 589 3892 Graecos
607 3844 683 3906 iilos,
704 3859 771 3908 quo.-
821 3845 881 3894 ficio
905 3844 1038 3906 initiatas,
1068 3844 1100 3892 de
1126 3844 1224 3908 quibus
1245 3843 1306 3906 ipsa

285 3922 344 3962 rum
364 3911 432 3960 alter
450 3911 606 3977 Iphigeniae
625 3913 707 3963 frater
730 3914 772 3963 fu·
822 3929 849 3966 v.
866 3912 926 3966 609.
945 3913 1007 3962 είαοι
1029 3910 1118 3974 δόμων
1140 3908 1221 3962 τοῖνδ’
1240 3910 1307 3962 εἰσὶν

286 3982 350 4044 erit,
374 3981 466 4044 fugere
488 3999 547 4032 cum
569 3983 647 4046 signo
666 3983 772 4034 Dianae
823 3978 863 4032 οίε
882 3981 949 4042 μέλει
966 3980 1033 4032 τάδε.

287 4052 397 4115 eiusque
415 4053 554 4102 sacerdote
571 4059 682 4104 conatos
700 4069 772 4104 esse:
857 4052 890 4104 V.
914 4051 989 4106 1258.
1010 4051 1041 4100 el
1059 4047 1117 4114 χρὴ
1134 4046 1178 4114 μὴ
1198 4049 1304 4098 κελευ-

286 4136 380 4171 navem
397 4123 510 4185 primum
529 4123 635 4188 quidem
653 4125 772 4187 elapsam
823 4121 962 4172 σθεῖσαν
978 4118 1098 4186 λέγειν]
1114 4118 1306 4184 Simulatquae

286 4191 408 4240 manibus
436 4193 666 4257 persequentium,
697 4193 771 4243 dein·
820 4192 932 4243 chorum
950 4192 1024 4243 ducit
1044 4205 1073 4240 se
1091 4190 1208 4254 quodam
1225 4189 1306 4238 modo

267 4281 276 4304 ¹.
286 4271 347 4322 ceps
365 4267 461 4324 sutem,
483 4277 563 4326 quum
575 4277 588 4312 e
602 4270 682 4326 portu
698 4263 770 4312 exire
820 4277 901 4326 aegre
918 4261 1003 4326 ferre,
1022 4261 1093 4326 quod
1104 4260 1233 4312 custodes
1243 4265 1307 4310 tem·
