2784 4776
237 313 246 336 ‘
288 333 546 400 torrentur
573 337 610 400 n
639 337 705 402 un
732 337 952 404 νΑιῬυιΣ.
1063 351 1129 414 οι

130 557 134 567 ,
218 499 384 588 Ἀρτέμιδι
407 505 550 580 κλειναῖς
576 511 612 570 ir
639 518 814 590 πτυχαῖσιν
838 504 997 589 Αὐλίδος.

217 607 376 672 ἐνταῦθα
402 603 468 688 γὰρ
495 603 534 684 ὃν)
559 609 673 692 χιλίων
699 609 791 674 νανῖν
816 606 939 676 στόλον
1093 625 1132 688 10

212 700 406 786 Ἑλληνικὸν
431 696 585 790 συνήγαγ’
613 704 828 792 Ἀγαμέμνων
852 707 948 790 ἄναξ,

216 801 278 873 τὸν
304 809 493 872 καλλίνικον
521 817 689 897 στέφανον
711 809 809 878 Ἰλίου
835 815 946 878 θέλων

215 910 331 992 λαβεῖν
353 905 507 991 Ἀχαιοὺς
534 907 612 986 τους
639 908 674 976 θ’
704 907 930 995 ὑβρισθέντας
958 911 1086 998 γάμους

213 1004 343 1088 Ἑλενης
367 1013 553 1093 μετελθεῖν,
582 1015 733 1095 Μενέλεῳ
753 1011 854 1098 χάριν
879 1021 998 1102 φόρων.

185 1271 217 1323 V·
236 1269 279 1327 11.
313 1269 461 1340 Ἑλληνικὴν
485 1275 564 1338 (corr.
588 1277 616 1325 in
635 1275 686 1342 εῖν)
710 1276 776 1327 eod.
797 1275 828 1327 Β.
848 1275 982 1344 ἑλληνικὴν
1010 1279 1075 1331 cod.
1098 1281 1127 1332 6.

114 1345 186 1394 Hine
205 1344 240 1393 Α,
260 1343 286 1392 Ν
293 1345 429 1395 auckiue
453 1361 510 1395 eaae
537 1347 703 1398 scribendum
728 1345 821 1412 στολὴν
842 1345 990 1414 Ἑλληνικὴν
1012 1351 1129 1415 auspica-

113 1423 156 1463 tna
177 1408 400 1477 εετ.,Ἐλῖηνικὸν
418 1417 529 1480 antiqua
548 1419 677 1467 correctio
697 1425 744 1480 est,
763 1433 841 1483 qnam
860 1421 979 1484 plerique
998 1421 1129 1471 editorum

112 1486 222 1548 aequuti
240 1491 310 1533 aunt.

183 1553 217 1606 V.
236 1551 279 1606 14.
315 1551 403 1616 ἑλὲνην
421 1549 498 1618 [eod.
518 1549 551 1616 B]
578 1551 650 1616 ἑλὲνγ
672 1553 737 1603 eod.
757 1555 785 1606 C.
806 1555 836 1604 Id
855 1572 935 1619 quum
959 1559 1023 1608 olim
1047 1557 1129 1624 ὁλενηι

112 1623 285 1714 scriberetur,
303 1630 413 1687 apparet
430 1637 509 1688 qnam
529 1622 607 1672 facile
625 1639 658 1674 ex
676 1623 764 1688 ἑλὲνηε
781 1627 853 1675 nasci
872 1630 997 1691 potnerit.

86 1819 216 1880 'aurea
241 1832 371 1896 teptiea
397 1831 450 1880 die
468 1846 505 1881 ac
529 1801 598 1894 acp-

111 1901 180 1951 tiea
202 1909 304 1950 nocte
321 1901 484 1950 fluctibus
502 1902 533 1952 in
553 1903 598 1950 vi-

37 1974 44 1988 ·
111 1985 180 2019 cem
200 1969 411 2034 rereie,adeo
426 1973 597 2022 immodice

8 2096 13 2109 .
110 2041 236 2100 fluens,
255 2047 426 2092 utrantos
445 2043 543 2090 etiam
562 2056 597 2090 ac

109 2108 215 2174 plena
239 2113 348 2161 ventis
376 2111 506 2174 navigia
532 2111 596 2160 frn-

111 2186 252 2228 etretur.
288 2180 322 2232 cf.
355 2179 505 2230 Plinium
535 2183 595 2230 hiat.

110 2256 168 2300 nat.
192 2247 231 2299 11.
263 2248 402 2313 alnoo),
427 2249 487 2304 219.
524 2247 595 2300 Oon-

111 2325 229 2369 stantem
247 2317 342 2384 Euripi
361 2327 460 2370 motum
484 2334 543 2368 ease
559 2323 596 2370 ait

111 2388 194 2438 etiam
214 2387 309 2439 Cicero
328 2390 360 2439 de
377 2397 432 2440 net.
451 2391 523 2439 deor.
542 2389 594 2439 111.

110 2458 157 2520 10,
181 2457 224 2517 24.
270 2457 363 2518 Quid
395 2459 593 2510 Chalcidico

110 2529 244 2592 Euripo
279 2531 311 2577 in
349 2536 437 2578 motu
473 2529 594 2578 identi-

111 2597 182 2647 dem
220 2599 461 2660 reciprocando
499 2606 594 2662 putas

110 2667 191 2716 fieri
228 2683 325 2731 pocae
361 2671 593 2719 coustantius?

110 2736 171 2786 Nee
195 2735 293 2787 Plato
318 2738 419 2788 Phaed.
443 2756 469 2803 p.
496 2737 538 2792 90.
563 2737 594 2791 C.

111 2808 188 2858 aliud
215 2807 266 2856 eibi
301 2809 359 2857 volt
384 2810 436 2858 nial
463 2808 594 2872 Euripum

6 2901 9 2912 »
111 2891 217 2941 semper
241 2879 270 2926 in
291 2884 365 2927 motu
391 2893 448 2928 eece
473 2893 521 2928 ncc
546 2891 594 2926 un·

110 2961 191 3010 quam
216 2948 244 2995 in
266 2947 359 2998 eodem
384 2955 453 2997 statu
476 2963 594 3008 manere,

110 3031 168 3080 quo
195 3017 227 3064 de
253 3017 311 3066 loco
342 3018 443 3067 fallitur
467 3016 593 3068 Schoe-

6 3129 7 3136 ,
110 3101 255 3136 mannua
278 3088 312 3136 ad
332 3086 470 3138 Ciceronis
489 3089 505 3137 l.
528 3103 549 3138 c.
566 3101 593 3151 p.

110 3155 173 3208 202.
193 3157 235 3208 ed.
255 3157 300 3206 alt.

148 3226 182 3273 V.
202 3225 226 3276 8.
262 3221 302 3276 cit
327 3223 431 3291 δοκεῖ]
456 3224 535 3285 Quod
553 3226 594 3274 .A.

109 3294 288 3345 Matthiae
316 3301 411 3344 contra
435 3294 457 3348 1.
484 3295 593 3345 Mark-

109 3366 246 3414 landum
272 3367 341 3415 dixit
364 3363 439 3415 λοκιῑ
459 3379 514 3414 non
536 3380 596 3416 esee

110 3435 270 3484 vertendum
282 3443 317 3484 ut
330 3436 396 3486 eibi
410 3435 595 3496 videbatur,

110 3506 161 3556 aed
188 3511 224 3552 nt
248 3519 331 3554 nnuc
366 3508 464 3554 etiam
495 3504 594 3568 volgo

111 3575 277 3638 creditur,
296 3575 465 3626 vehementer
477 3576 522 3640 ille
538 3577 595 3639 qni-

111 3646 173 3696 dcm
193 3644 277 3695 falano
296 3653 344 3695 eet.
368 3641 404 3694 cit
423 3643 495 3693 δοκεῖ
507 3647 596 3709 aptius

112 3731 173 3764 cum
193 3715 282 3766 verbio
301 3711 335 3779 ἢν
353 3743 385 3752 -
403 3715 517 3778 ἔσφαξεν
534 3730 595 3766 con·

111 3785 278 3848 iungendum
301 3800 359 3836 oeae
378 3793 404 3834 et
422 3789 492 3835 ratio
519 3785 597 3834 docet

111 3860 140 3904 et
153 3855 177 3903 ie
191 3856 236 3918 qui
254 3855 358 3908 iniret.
373 3856 424 3910 769
434 3871 474 3919 aq.
484 3855 596 3906 habetur

111 3925 189 3974 locus
215 3931 308 3988 aperte
338 3926 451 3978 indicat:
480 3921 595 3988 Ἄρτεμις

112 3993 197 4044 ἔσωσέ
215 3989 251 4054 μ’,
272 3989 304 4060 ἢν
323 3989 399 4045 ἔθυσ’
419 3992 481 4056 ἐμὸς
503 3991 594 4058 πατήρ,

113 4061 217 4113 δοκῶν
239 4061 268 4114 it
292 4058 358 4128 ἡμᾶς
383 4059 432 4128 ὀξὺ
457 4061 595 4129 φάσγανον

112 4133 213 4197 βαλεῖν,

149 4204 184 4253 V.
203 4209 227 4258 9.
260 4203 400 4252 κλειναῖε
419 4201 452 4252 ἐν
470 4207 594 4265 πτυχαῖ-

112 4290 165 4324 σιν
184 4267 346 4337 Αὐλίδος]
365 4273 400 4322 Et
418 4276 447 4335 ii,
466 4275 512 4338 qni
532 4274 594 4324 κλει-

650 1831 698 1895 νῆε
720 1825 768 1894 'pro
793 1832 904 1880 κλεινοῖο
929 1833 1018 1885 scribi,
1038 1835 1128 1884 voluc-

647 1908 724 1972 runt,
743 1906 770 1951 et
794 1902 829 1963 ii,
848 1904 894 1964 qui
918 1903 1030 1960 κοίλοιο,
1045 1905 1128 1972 ,adsi-

648 1973 778 2022 mulautea
799 1971 1051 2035 Iphig.tu1.1600,
1072 1969 1128 2022 Αὐ-

648 2038 720 2090 λίδος
738 2041 844 2090 nullove
861 2039 969 2104 μυχούς,
987 2041 1127 2093 falluntur.

646 2109 740 2174 Neque
759 2113 828 2162 enim
843 2107 920 2162 Aulia
938 2126 1057 2176 peraeae
1073 2113 1128 2162 ola-

646 2195 676 2230 ra
701 2180 752 2229 fuit
777 2182 872 2230 civitas
898 2189 925 2230 et
950 2182 1008 2230 iure
1035 2183 1128 2232 κλειναὶ

647 2251 737 2312 οιυχαῖ
766 2245 881 2300 Αὐλίδος
910 2249 1047 2312 dicuntur,
1074 2269 1126 2318 quo

646 2321 779 2386 principes
797 2318 926 2370 Graeciae
947 2329 1128 2372 convenerant

646 2391 745 2454 ubique
770 2405 861 2440 eorum
884 2390 977 2440 classis
1004 2398 1057 2442 tam
1081 2393 1127 2446 diu

645 2469 748 2510 morata
768 2467 832 2510 erat.
862 2458 964 2510 κλεινὸν
977 2463 1046 2512 enim
1060 2463 1127 2512 illud

646 2531 754 2590 dicitur,
772 2529 843 2593 quod
855 2530 888 2578 ad
903 2533 1041 2596 imperium
1054 2533 1127 2597 prin·

646 2601 712 2663 cipis
732 2607 777 2649 aut
797 2608 886 2648 terum
912 2610 1045 2664 gestarum
1069 2603 1127 2666 glo·

646 2671 710 2720 riam
729 2676 838 2732 spectat.

681 2737 714 2787 V.
734 2737 776 2792 13.
818 2737 929 2801 λαβεῖν
964 2731 1125 2805 Ἀχαιούε]

646 2808 798 2858 Admodum
816 2809 910 2858 sollers
934 2818 975 2858 eat
993 2809 1125 2858 Lentin-

646 2880 691 2940 gii
711 2879 873 2939 coniectura,
892 2894 944 2942 qua
959 2877 1004 2928 ille
1018 2871 1128 2940 Ἀχαιοῖε

645 2963 693 3011 pro
710 2941 829 3010 Ἀχαιοὺς
846 2950 926 2998 acribi
944 2949 1037 3009 voluit,
1057 2961 1126 2998 com·

644 3031 741 3080 parans
761 3015 880 3081 Supplic·
898 3018 959 3073 315.
979 3016 1032 3081 ipat*
1049 3015 1076 3065 δὲ
1094 3013 1126 3080 δή

646 3099 682 3134 ue
707 3082 742 3134 ὥς
768 3081 894 3152 ἀνανδρίᾳ
917 3089 1021 3150 φρενῶν
1048 3083 1126 3135 Πόλει

646 3154 731 3217 παρόν
744 3171 786 3205 σοι
800 3157 930 3218 στέφανον
948 3152 1063 3206 εὐκλείαν
1078 3156 1125 3204 λα·

646 3226 666 3289 β
671 3233 717 3274 εῖν
729 3227 829 3276 Aetnae
839 3222 959 3290 ἀντέστην.
977 3233 1003 3274 et
1015 3226 1125 3274 Home-

646 3299 668 3346 ri
688 3297 719 3348 11.
743 3295 836 3347 XXII.
856 3296 907 3348 216
933 3310 972 3359 aq.
1003 3291 1069 3343 ’Νῦν
1094 3290 1125 3356 δὴ

647 3365 699 3412 νοεῖ
712 3360 734 3428 γ’
753 3366 833 3414 ἔολπα
855 3391 886 3400 -
906 3363 1065 3414 Οῖσοσθαι
1083 3363 1124 3424 μέ·

647 3451 680 3499 γα
710 3431 791 3484 nedae
809 3429 929 3496 Ἀχαιοῖσι
949 3433 997 3481 nra.
1035 3431 1125 3492 Quan-

647 3519 725 3569 quam
763 3515 870 3567 recepta
905 3505 955 3554 lrao
990 3504 1124 3568 Lentingii

646 3577 798 3624 coniectura
817 3575 904 3626 oratio
923 3574 1005 3622 multo
1017 3577 1124 3624 concin-

645 3645 708 3693 nior
726 3651 775 3704 eat,
794 3652 881 3694 tamen
894 3645 941 3693 illa
959 3646 1125 3694 correctione

646 3717 766 3778 quamvls
815 3713 951 3764 lenissima
997 3715 1124 3777 abstinui,

646 3784 772 3848 quoniam
791 3799 857 3849 quae
875 3787 902 3834 in
920 3784 995 3834 libria
1011 3787 1122 3848 ecriptu-

646 3869 677 3904 ra
710 3861 749 3904 eat
780 3863 851 3904 certe
877 3855 993 3918 intelligi
1026 3859 1122 3916 puteat.

644 3923 709 3972 Mox
735 3920 798 3972 τσύε
822 3919 998 3988 ὑβρισθέντος
1022 3919 1123 3987 γάμους

627 3988 744 4058 ’Ἑλένην
778 3993 909 4055 μετελθεῖν
942 4000 983 4043 eat
1011 3989 1123 4040 matri·

645 4066 788 4114 monium
809 4064 959 4113 Helenae
978 4058 1019 4126 (et
1035 4059 1124 4108 Mene-

645 4135 695 4194 lai)
731 4135 915 4184 violatum
946 4133 977 4192 (a
1016 4127 1123 4185 Paride)

645 4202 831 4264 vindicare,
857 4203 884 4250 id
907 4200 979 4264 quod
997 4199 1024 4246 in
1042 4198 1122 4259 grati·

645 4287 687 4324 am
709 4275 875 4338 potissimum
895 4269 1009 4320 Menelai
1034 4268 1120 4319 fiebat.
