2806 4782
287 389 548 456 ΙΦΙΓΕΝΕΙΑ
574 391 618 455 Η
640 391 707 456 ΕΝ
730 383 955 472 ΤΑΥΡΟΙΣ.
1087 387 1127 450 97

517 557 660 668 ΧΟΡᾩ
669 557 715 626 Σ.

206 716 232 792 ὦ
259 728 399 813 σχέτλιοι
424 667 636 811 nouugpom
654 653 695 717 β’

507 814 668 888 ἀναστροφὴ
688 820 727 885 β’.

207 898 272 985 φοῦ
299 895 380 985 psit,
409 891 593 965 διόλλυσαι.

563 989 674 1057 ἐπῳδόν.

207 1070 283 1133 uici
308 1069 391 1131 uiui.

208 1163 351 1253 πότερος
376 1161 394 1232 ὁ
420 1168 565 1251 μέλλοις

106 1261 190 1338 655
210 1271 256 1334 ἔτι
285 1263 350 1352 γὰρ
375 1264 552 1356 ἀμφίλογα
579 1269 699 1349 δίδυμα
725 1271 846 1354 μέμονι
870 1265 973 1359 ηρήν,
1064 1263 1128 1328 640

208 1369 243 1436 σὲ
270 1367 381 1456 πάρος
405 1363 426 1449 ἢ
451 1366 484 1435 σ’
514 1365 728 1448 ἀναστενάξω
755 1367 859 1453 γόοις.

477 1469 620 1536 (ΙΡΕΣ
628 1469 704 1534 'I'H
708 1469 755 1538 Σ.

207 1568 364 1653 Πυλάδη,
391 1572 574 1648 πέπονθας
598 1566 703 1636 ταὺτὸ
731 1565 815 1656 πρὸς
843 1571 937 1638 θεῶν
962 1575 1052 1656 λμοίς

103 1765 275 1832 pronuntiari
304 1773 425 1832 apertum
447 1775 496 1827 est,
526 1781 580 1816 uon
610 1774 699 1816 tamen
729 1783 860 1833 personae
890 1776 954 1818 notu
986 1776 1127 1834 propterea

102 1836 233 1886 mutsnds
254 1835 338 1886 fuisse
362 1837 477 1887 vidctur.
515 1834 584 1888 Sunt
605 1837 676 1887 euim
706 1838 815 1888 omnino
841 1840 931 1888 omnis
957 1837 1046 1900 chori,
1070 1839 1126 1888 sive

102 1905 157 1956 hoc
175 1907 232 1956 sire
251 1906 298 1956 iilo
317 1906 397 1955 modo
417 1907 632 1969 pronuntientur.

177 1973 197 2022 V
225 1973 285 2027 637.
318 1973 557 2026 Kirchhoiiius
575 1975 627 2026 hoc
645 1975 797 2038 proposuit:
818 1975 869 2038 φοῦ
889 1990 950 2038 pso,
972 1972 1125 2029 ἀπόλλυσαι.

176 2043 206 2092 V.
226 2043 285 2098 639.
322 2037 336 2092 ό
355 2045 451 2104 μᾶλλον
468 2046 597 2109 proponit
613 2043 834 2108 Musgruvius,

177 2113 207 2162 V.
227 2111 286 2166 640.
321 2105 455 2178 tippc'ioyu
473 2114 514 2164 ed.
535 2113 733 2176 Brubschisne,
750 2105 897 2175 ἆμηιβολο,
916 2115 963 2164 sed
983 2121 1013 2164 ut
1036 2114 1127 2166 litters

103 2180 124 2243 β
142 2189 169 2230 et
186 2182 199 2230 λ
217 2198 231 2232 e
249 2189 402 2232 correctura
419 2185 474 2233 sint
492 2199 561 2233 meu.
580 2197 643 2245 sco,
663 2182 732 2232 (iod.
745 2185 778 2236 B.
796 2176 949 2249 ‹ippt'pioyu
968 2183 1035 2238 Cod.
1055 2185 1086 2236 C.
1100 2192 1128 2236 et

614 2267 630 2298 θ
999 2289 1002 2298 ι

103 2317 224 2367 Aldus.
243 2317 309 2366 Mox
328 2317 422 2382 μὲμηνο
433 2316 501 2372 Coti.
516 2316 547 2367 Β.
567 2318 662 2384 μέμηνε
679 2318 784 2370 ΟοιΗῙ.
805 2335 857 2371 sec.
877 2321 975 2376 i'ictor.
989 2329 1015 2374 st
1032 2337 1127 2388 epcgr.

104 2387 208 2438 Periss.
226 2388 297 2438 unde
316 2389 474 2440 Musurus
491 2387 587 2450 μέμονο
605 2390 719 2454 scripsit.

141 2558 175 2611 V.
194 2555 254 2612 634.
284 2553 333 2608 ὅτι
358 2551 429 2607 πότ’
454 2555 591 2622 sceptici·
643 2576 710 2611 rum
733 2561 907 2625 periturus
932 2564 999 2614 ost?
1025 2565 1052 2614 id
1076 2571 1126 2628 cst,

104 2623 171 2694 ost]
207 2629 320 2678 Etiamsi
342 2626 437 2678 irrisum
466 2635 592 2692 nonest,
642 2637 737 2680 neuter
754 2645 809 2680 nou
831 2633 945 2696 peribit,
970 2634 1017 2684 ilic
1035 2633 1126 2699 caeos,

103 2697 128 2748 si
148 2689 212 2745 πόδ’
231 2712 280 2763 pro
300 2689 356 2746 τότ’
376 2698 486 2760 scribas,
503 2705 602 2748 tumeu'
623 2700 686 2750 ¹iric
705 2701 876 2763 aegrimonia.
929 2739 935 2750 .

103 2764 169 2816 nori
187 2781 261 2816 suam
280 2768 333 2816 vim
353 2765 404 2816 hoc
422 2768 592 2818 locchsbere
678 2770 711 2823 V,
730 2769 789 2822 640.
814 2764 980 2836 ἀμφίλογα
1004 2769 1127 2832 δίδυμα

102 2837 223 2886 videtur:
260 2836 293 2884 in
325 2837 468 2899 petriam
502 2837 592 2900 quod
642 2835 879 2904 pipovsppq'v]
898 2841 992 2901 μέμονε
1009 2843 1036 2891 iu
1055 2843 1125 2891 eius·

103 2905 289 2968 aliquando
326 2905 479 2956 redibis.
534 2906 592 2970 ipse
642 2911 714 2958 modi
737 2908 804 2958 iocis
828 2909 896 2958 nihii
922 2911 996 2960 uliud
1016 2919 1056 2960 est
1074 2911 1125 2960 uisi

103 2975 174 3025 'enim
199 2974 297 3024 chorus
320 2989 400 3038 suprs
418 2989 442 3023 s.
460 2973 509 3027 391
531 2989 591 3038 sqq.
642 2977 676 3026 iu
704 2985 813 3028 mente
845 2979 960 3041 hubet,
995 2981 1022 3028 id
1052 2979 1126 3044 quod

12 3104 14 3110 ι
102 3043 305 3108 significsvcrct
324 3043 449 3108 megnum
474 3049 501 3093 et
522 3047 592 3108 peri·
643 3045 831 3110 Hesychius
864 3049 1054 3113 interpretatur
1083 3063 1125 3097 re-

103 3115 224 3165 cuiosum
241 3115 292 3163 iter
305 3114 453 3176 suscepisse
464 3111 593 3177 Graccus,
643 3123 684 3164 cte
705 3131 752 3179 per
770 3117 851 3166 verbs
869 3115 950 3180 θέλοι,
969 3112 1044 3182 ὁρμᾷ.
1080 3115 1126 3164 Sic

104 3185 153 3248 qui
180 3181 232 3231 huc
260 3183 288 3230 in
321 3188 417 3231 terram
449 3182 593 3233 Tauricam
643 3185 741 3234 dicitur
766 3185 799 3235 ub
825 3186 967 3237 Homero
994 3186 1021 3234 ii.
1045 3183 1124 3233 xxi.

103 3253 238 3314 venerint,
257 3259 285 3300 ut
305 3251 453 3301 mirsudum
472 3267 593 3302 nouesse
643 3252 703 3306 315.
721 3252 831 3314 μέμονεν
853 3248 880 3303 δ’
899 3251 945 3318 ὅγο
968 3247 1011 3304 iou
1029 3251 1125 3305 θεοῖσι.

100 3322 241 3378 uideatur,
264 3321 286 3369 si
306 3321 386 3370 etism
404 3319 456 3369 hcc
474 3320 533 3370 loco
553 3321 594 3370 di·
645 3329 671 3372 et
688 3323 765 3371 XVi.
783 3321 843 3375 435.
863 3320 941 3386 διχθὰ
963 3320 990 3371 δι’
1007 3337 1050 3383 μοι
1064 3339 1125 3386 spu·

105 3398 150 3439 cat
172 3386 354 3453 aliquando
387 3390 491 3438 demum
518 3389 593 3439 iilum
645 3388 686 3454 δίη
718 3391 824 3451 μέμονε,
849 3393 942 3454 φρεσὶν
968 3387 1125 3455 σ’ρμσιίὀνιι,

103 3462 133 3510 iu
166 3460 281 3522 patrium
311 3465 409 3509 terrem
446 3459 593 3508 rediturum
639 3455 724 3520 ’Ἠμιν
742 3461 810 3524 ζῶον
828 3457 904 3510 λόνια
922 3456 1124 3524 μάχηεάιιοδα-

104 3543 179 3590 esse,
215 3529 260 3593 qui
295 3541 364 3577 uuoc
391 3527 426 3577 ab
453 3527 594 3591 iphigeniis
643 3526 881 3594 κρυσέσοηεθιλοο,
899 3524 1124 3594 ἆναρτᾰξοτιλο·
1211 3573 1216 3580 .

105 3600 198 3660 Argos
225 3597 259 3646 su
278 3597 465 3659 perferendum
494 3597 593 3660 episto·
644 3601 701 3662 ιιιήσ
719 3597 747 3647 ἐν
764 3602 834 3648 nicus
854 3595 989 3666 δήμῳ,Ἢ
1004 3596 1053 3665 ἤδη
1071 3595 1124 3650 risi

104 3668 158 3718 lom
178 3666 335 3717 dimittatur.
642 3668 712 3731 χερσὶ
731 3666 905 3719 Μενοιτιάδαο
925 3666 1056 3731 δαμάσσω.
1083 3669 1125 3721 De

143 3735 172 3784 V.
191 3733 251 3788 635.
279 3731 376 3800 sigipirc
397 3737 469 3782 tott-
487 3733 591 3796 φΙλοι·
641 3737 729 3788 forms
754 3737 852 3800 μέμονα
877 3741 938 3790 ride
969 3739 1057 3790 Rost
1083 3755 1123 3804 gr.

107 3819 142 3853 σι
169 3803 416 3868 θνησκόντων
449 3802 591 3868 plion]
642 3805 689 3857 Gr.
709 3807 732 3872 ξ
752 3799 839 3863 64.’3.
858 3807 890 3860 Β.
912 3808 938 3862 3.
957 3823 982 3874 p.
1004 3807 1063 3864 166.
1083 3811 1125 3858 ed.

105 3871 180 3924 Non
199 3875 299 3936 plens
316 3873 480 3932 invidiae,
494 3887 590 3936 quum
643 3884 711 3941 sept.

105 3941 202 3992 amici
230 3943 436 4004 morientur,
465 3942 509 3992 iis
533 3943 591 4006 qui
679 3945 708 3995 V.
732 3945 791 4000 642,
815 3961 872 4011 sqq,
914 3941 1126 3996 Nascitur-iude

105 4012 179 4062 iliis
198 4013 295 4062 amici
314 4019 401 4065 sunt.
642 4015 803 4081 colloquium
821 4015 939 4081 Pylades
964 4021 991 4064 et
1013 4010 1125 4071 Orestis¹

141 4079 177 4130 V·
186 4079 248 4134 639.
261 4078 303 4132 τό
310 4093 406 4145 τερον
425 4073 439 4128 ὅ
458 4077 590 4145 μέλλων]
641 4099 753 4150 quorum
773 4087 839 4136 siser
858 4087 949 4148 Argos
972 4082 1061 4132 redire
1078 4079 1125 4128 ds·

105 4147 136 4200 Si
154 4165 219 4200 vers
236 4153 302 4202 hsce
319 4152 452 4214 scriptura
472 4155 527 4211 est,
546 4165 593 4199 ex·
641 4161 750 4218 trectst,
773 4155 882 4206 Orestes
906 4159 993 4203 eutem
1017 4163 1125 4214 persus-

104 4218 259 4284 piicsndum
277 4221 329 4271 hcc
346 4223 386 4270 itu
405 4227 458 4270 est:
480 4215 593 4283 πότεροι·
643 4225 705 4274 dere
718 4226 815 4286 studet,
826 4230 855 4273 ut
866 4223 893 4272 id
903 4221 985 4271 faciut
994 4231 1126 4270 sororem·

106 4283 239 4350 ὄμὲλλοιν
259 4286 429 4350 διόλλυσθαις
446 4294 522 4340 uter
541 4303 590 4340 ee·
643 4309 695 4358 qus
726 4309 757 4344 sc
787 4295 893 4344 domum
922 4306 997 4342 susm
1030 4297 1127 4351 servet,

97 4412 99 4416 -
175 4389 300 4456 Euripid.
319 4391 380 4444 νοι.
399 4391 437 4447 11.
958 4379 976 4440 7
1027 4395 1034 4470 ξ
1063 4395 1129 4473 {5⁴⁴
1147 4391 1185 4466 ΞΓ
