2736 4780
439 333 715 398 ΟΡΕΣἹἨΣ.

136 509 237 576 sirim
265 505 347 590 παρ’
378 505 484 593 ἄκρας
508 508 553 587 ὡς
576 508 763 596 ἀπέθριοιν
790 518 901 600 τρίχας
977 583 982 593 ,

137 608 291 690 σώζουσα
316 608 457 687 νάλλος,·
481 617 548 676 ἔστι
572 609 603 679 δ’
619 610 655 692 ’ἡ
682 610 790 678 nullae
814 621 906 696 γυνη.

140 714 222 776 θεοί
246 734 282 776 οε
307 707 489 832 μισήσειαν,
514 709 559 790 ὥς
585 739 609 796 μ
616 709 827 792 ἀπώλεσας

139 816 197 876 καὶ
225 809 322 877 τόνδε
347 811 461 879 πᾶσάν
489 812 530 879 3
559 811 711 880 Ελλαδ·
739 803 763 878 ὦ
794 815 924 883 τάλαινΙ
956 821 1026 903 ἐγώ.

137 900 230 978 133'
259 901 304 978 αὖ
330 910 463 1000 πάρεισι
489 926 561 992 τοῖς
584 922 675 999 ἐμοῖς
701 916 898 1001 θρηνήμασι

138 1017 236 1104 φίλαι
261 1013 415 1098 ξυνῳδοί
448 1013 533 1102 τάχα
559 1014 798 1099 μεταστήσοιιιϊ
830 1015 939 1086 ὕπνου

141 1111 237 1182 τόνδ’
266 1112 477 1202 ἡσυχάζοντ’,
502 1115 594 1204 ὄμμα
621 1117 650 1184 3'
679 1117 848 1200 ειιτήξονσ1
879 1120 961 1205 ἐμὸν

137 1212 305 1298 δακρύοις,
331 1215 480 1306 ἀδελφὸν
506 1215 591 1286 ὅταν
616 1216 682 1303 ὁρῶ
710 1219 892 1304 μεμηνότα.
1023 1237 1080 1300 135

136 1308 162 1384 3
189 1321 351 1408 φίλταται
374 1331 536 1404 γυναῖκες,
562 1317 673 1406 ἡσύχῳ
700 1325 778 1390 noer

131 1431 277 1506 χωρεῖτε,
306 1423 350 1503 μῆ
377 1433 530 1514 ψοφεῖτε,
555 1419 632 1504 μηδ’
661 1427 742 1488 ἔστιν
770 1422 906 1504 κτύπος.

136 1523 235 1612 φιλία
260 1517 325 1604 γὰρ
351 1519 371 1602 ἡ
398 1521 445 1604 σὴ
467 1517 651 1609 πρευμενὴς
676 1534 744 1608 μεῖν,
770 1524 844 1592 ἀλλ’
875 1531 945 1613 Ιμοὶ

135 1619 226 1690 τόνδ’
256 1621 412 1708 ἐξεγεῖραι
436 1620 590 1720 ξυμφορὰ
616 1622 797 1708 γενήοιται.

126 1941 161 1990 V.
181 1937 243 1991 128.
279 1935 547 2004 aldere[AB]c3era
567 1934 690 1986 lictum
710 1935 1076 2006 ScholiastaAeechyii

87 2025 155 2076 gam
175 2006 237 2062 544
259 2004 400 2072 ἅπέθριξιν
420 2007 442 2058 C
460 2023 518 2058 cum
538 2005 689 2057 Scholiasta
703 2009 864 2092 Aeschylrl
883 2025 907 2060 c.
928 2009 996 2060 Tum
1018 2011 1043 2059 Η
1051 2027 1076 2061 a

18 2087 20 2100 '
62 2014 235 2145 sAychlust.
254 2080 272 2131 Ι.
291 2093 316 2142 p
331 2077 391 2132 432.
411 2070 914 2142 hanegloeeamhabct:333301333·
936 2073 1076 2144 deenen„

17 2181 18 2190 ι
61 2146 200 2211 ἀπέκοψεν.

17 2203 19 2280 l
129 2253 160 2302 v
179 2251 240 2322 129
268 2245 603 2318 derlvril’lutarchue
622 2249 708 2300 Aleib.
728 2269 748 2302 c.
767 2251 809 2305 23

16 2331 75 2426 f
125 2356 160 2405 V,
179 2354 240 2408 130
277 2351 407 2419 μισήσειεν
423 2355 458 2404 A.

126 2460 161 2509 V.
183 2455 243 2512 134.
279 2453 370 2519 ὄμματ’
389 2457 419 2507 le,

129 2563 159 2611 V.
181 2563 242 2616 137.
279 2567 393 2612 κτοπιῖει
410 2561 458 2638 Β..

67 2848 141 2917 ἄκροι
162 2866 211 2916 per
229 2865 257 2901 ee
275 2855 388 2918 positum
409 2867 466 2903 ease
488 2855 542 2903 eri·
593 2869 676 2920 nuper
694 2851 987 2904 Kirehhoiiiue
1010 2851 1074 2902 haee

67 2923 150 2984 etimo,
181 2929 210 2970 ut
242 2923 290 2973 ‘site
317 2924 366 2972 ita
390 2925 541 2974 totondit
594 2925 672 2974 verba
696 2924 730 2974 ad
753 2938 800 2984 ea,
823 2937 891 2987 quae
921 2929 1073 2988 sequuntur,

66 2993 173 3040 crinea
201 2999 235 3040 ut
268 3000 439 3043 resecaret
471 3001 541 3042 tan·
591 2994 695 3044 adsumi
714 2994 864 3043 volucrunt.
897 2991 1074 3042 Hancvocem

65 3070 123 3111 tum
141 3061 240 3112 modo
260 3077 370 3113 eorum
385 3065 540 3113 extrami-
592 3065 673 3113 mittit
689 3062 808 3123 Electra,
827 3067 968 3126 postquam
986 3062 1072 3112 conei-

65 3138 165 3192 tatce,
186 3131 257 3196 qued
280 3147 328 3182 noe
353 3133 541 3183 dicimusz'sie
592 3133 704 3195 deravit,
718 3139 817 3198 quanta
835 3133 985 3183 calamitate
1003 3139 1029 3179 ct
1047 3145 1075 3180 se
1159 3155 1164 3165 ·

64 3201 192 3252 echnitt
223 3200 271 3250 eie
305 3217 385 3252 vorn
412 3217 451 3252 an
478 3202 541 3252 deu
591 3209 619 3253 et
642 3203 751 3254 fratrem
777 3210 803 3251 et
825 3208 909 3251 totam
934 3199 1074 3249 Graeciam

65 3269 257 3321 iusseratcn
300 3270 441 3335 Spitzen
487 3273 541 3335 ab,
592 3273 720 3324 adfecerit
771 3271 883 3321 Helena
941 3269 1075 3318 Absoluta

66 3345 123 3388 aut
141 3341 224 3404 magis
259 3342 380 3406 proprie:
408 3356 447 3392 an
472 3342 541 3391 den
592 3344 644 3394 iam
675 3342 793 3392 Helenae
823 3339 980 3388 condicione
1017 3351 1075 3387 ease

64 3407 258 3482 iussersteu
289 3409 429 3475 Spitzen
465 3412 540 3470 hin„
592 3406 987 3470 convertitlilectraadillud,
1003 3407 1075 3470 quod

63 3475 107 3542 pre
137 3495 169 3530 eo
202 3477 417 3531 scholiastae
457 3481 540 3546 expli·
592 3481 753 3531 contrarium
777 3473 896 3528 Heleriae
923 3483 977 3537 eet,
1006 3477 1024 3525 i.
1050 3491 1073 3527 e.

62 3550 135 3598 caudi
160 3563 242 3600 cauea
265 3549 387 3600 dixerunt
410 3549 472 3600 κατὰ
498 3547 542 3599 ιᾶε
591 3551 625 3601 ad
647 3551 726 3599 fidem
750 3553 831 3610 atquc
853 3547 995 3598 amicitiam
1017 3562 1073 3596 mu-

63 3614 152 3682 ἄιραε,
172 3615 294 3682 σώζουσα
321 3617 381 3677 adil
383 3633 426 3679 οε,
445 3625 474 3670 ut
496 3635 540 3670 ex·
591 3620 684 3669 lictum
696 3619 866 3705 Argivarum.
897 3615 1074 3676 Quamobrem

63 3696 159 3739 ternam
184 3704 318 3739 comarum
346 3691 460 3754 speciem
487 3706 541 3740 rer·
591 3697 662 3740 recte
691 3688 720 3737 ai
744 3680 770 3736 δ’
798 3679 832 3735 αὖ
860 3683 961 3750 πάρεισι
986 3685 1075 3736 uria

63 3767 145 3821 reret,
165 3760 246 3808 etiam
268 3775 338 3810 nuuc
356 3761 477 3826 placendi
495 3775 540 3811 cu·
591 3755 1074 3822 Brunekioatquei'oraeuoedi·

62 3795 207 3891 uidissime.
592 3836 647 3877 tum
674 3836 721 3878 aet.
757 3827 852 3892 Neque
878 3827 948 3876 enim
973 3825 1073 3875 adran-

95 3899 123 3947 V
142 3897 203 3952 130.
241 3891 334 3959 οἴομ’
357 3891 541 3963 ἀπώλεσαν]
590 3905 633 3950 tua
660 3914 750 3949 earum
779 3897 919 3948 mulierum
952 3895 1074 3944 Electrae

63 3969 213 4030 proinde,
232 3975 267 4017 ut
289 3982 337 4018 me
357 3970 541 4034 perdidisti
591 3983 639 4034 per
665 3985 694 4019 ιο
731 3967 859 4018 ιιιοΙειιιιε
890 3978 948 4016 cere
976 3965 1074 4027 potuit,

64 4045 106 4091 etc
592 4053 671 4103 quum
698 4053 742 4089 eae
765 4036 906 4086 fidissimae
928 4036 969 4083 eui
987 4034 1075 4082 luctus

91 4106 123 4158 V.
144 4107 206 4160 131.
245 4097 265 4154 3
301 4101 425 4158 τάλαιν’
463 4105 538 4174 ἐγώ]
590 4108 808 4166 aocuaeheberet
811 4113 841 4155 ut
853 4105 892 4154 rllr
904 4105 1074 4155 vehementer

63 4177 93 4226 A
111 4177 292 4240 Matthiae,
314 4175 346 4232 (l
365 4179 400 4228 Η.
419 4175 539 4230 Schue-
590 4179 720 4228 erravisse
750 4177 903 4238 videantur,
933 4173 977 4236 qui
1004 4169 1074 4234 hacc

63 4245 159 4308 ierus,
173 4245 206 4298 G
221 4246 440 4309 Hermaeum,
460 4251 538 4298 etiam
589 4263 693 4335 vocem.
713 4237 733 4295 3
754 4240 845 4296 τάλαιν’
865 4239 914 4308 ἐγώ
940 4243 1075 4306 eruperi-
