2754 4772
299 371 557 436 alafracta
585 373 622 436 H
652 375 713 438 aa
739 376 920 442 Araiai.
1058 372 1127 435 ,aa
1212 333 1220 341 ’

103 591 107 596 .
163 530 169 546 “
205 539 455 622 κεκορυθμένος
482 537 607 617 ἔνδυτ’,
634 547 668 606 λιι
697 544 788 619 θεᾶς

203 633 334 721 ματρὸς
359 636 532 723 δωρήματ’
563 643 655 726 ἔχων,

105 733 202 810 1075
232 738 369 814 Θέτιδος
395 735 417 802 ἅ
446 762 499 804 νιν
526 739 646 807 istun:

202 835 369 922 μακάριον
395 837 470 906 τότε
496 842 652 922 δαίμονες
701 899 702 906 ,

202 939 265 1014 τᾶς
290 935 492 1026 εὐπάτριδος
519 939 631 1026 γάμον

203 1036 370 1130 Νηρῄδων
399 1045 524 1108 ἔθεσαν
551 1041 688 1128 πρώτας
728 1073 730 1080 ·

203 1142 341 1218 Πηλέως
368 1139 408 1205 θ’
440 1138 631 1225 ὑμεναίους.

554 1235 664 1290 ἐπωδόυ.

104 1305 199 1380 1080
227 1311 262 1374 σὲ
289 1306 318 1373 δ’
349 1311 401 1374 ἐπὶ
428 1307 521 1396 κάρα
545 1321 706 1401 στέψουσι
734 1311 942 1400 καλλικόμαν

203 1406 379 1495 πλόκαμον
402 1406 545 1496 Ἀργεῖοί
569 1409 601 1496 y'
633 1409 745 1490 ἁλιᾶν,

172 1606 204 1656 V.
224 1605 304 1662 1066.
339 1605 475 1674 λογχήρεσι
497 1612 581 1662 Aldus
602 1621 629 1662 et
645 1611 724 1678 [cod.
744 1611 956 1680 Olloppp'peccae
978 1615 1045 1672 cod.
1068 1619 1098 1670 B.

170 1676 203 1726 V.
222 1677 299 1730 1067.
336 1673 472 1728 ἀσπισταῖς
492 1678 524 1729 G.
546 1681 571 1730 H
577 1697 762 1734 ermannus.
781 1676 931 1733 α’σαισταῖσι
948 1685 1020 1736 libri.

171 1746 203 1795 V.
223 1746 300 1800 1076.
337 1745 469 1812 Νηρῄδων
487 1751 663 1804 Heathius.
682 1749 798 1816 νηρῆδοσ
816 1751 952 1816 (suppilas
969 1767 986 1802 a
1004 1771 1055 1806 sec.
1075 1759 1121 1817 m.)

98 1811 168 1866 eod.
187 1814 219 1864 Β.
238 1815 353 1882 apphiae
370 1821 427 1868 sive
446 1821 571 1884 apppc'ltcs
590 1821 657 1874 Cod.
681 1820 709 1872 C.
730 1818 834 1886 πρώτας
852 1821 932 1886 [Cod.
953 1821 995 1898 lt]
1019 1820 1122 1888 πρώτην

99 1947 169 2068 clod.
194 1951 223 2002 C.
247 1968 300 2004 see.
329 1955 447 2006 Furiam.
487 1950 590 2020 apaisas
616 1969 710 2019 apogr.
740 1957 827 2010 Paris.
856 1960 984 2022 alterum,
1016 1957 1122 2025 πρώταν

98 2029 221 2070 aterum.
937 2052 939 2056 ⁴

169 2083 202 2138 V.
221 2089 402 2152 1078-1095.
423 2095 542 2158 sequitur
561 2095 672 2157 epodus,
692 2097 766 2145 euius
786 2102 874 2145 tamen
892 2111 989 2160 magna
1001 2114 1063 2162 pars
1082 2101 1128 2149 ita

99 2165 226 2223 corrupta
244 2167 297 2222 est,
318 2171 348 2212 ut
365 2164 423 2212 sine
441 2164 596 2214 melioribus
618 2165 693 2215 libris
718 2167 763 2214 vix
788 2167 911 2216 videatur
933 2176 991 2218 tuto
1015 2170 1120 2218 restitui

97 2242 196 2292 passe„
312 2239 315 2242 ·

100 2315 102 2319 ·
168 2295 203 2345 V.
222 2296 300 2353 1079.
335 2293 445 2365 Ἀργεῖοι
462 2297 557 2362 βαλιὰν
576 2303 717 2376 preposuit
736 2299 897 2366 Scaliger.

97 2465 240 2517 flumina
261 2467 410 2518 lubricus
430 2477 461 2519 et
480 2468 582 2519 Simo·
634 2471 698 2534 quia
726 2477 829 2534 tempus
856 2473 923 2522 illud
950 2475 1119 2538 intelligitur,
1161 2525 1164 2532 ,

97 2533 128 2584 is
147 2543 205 2596 eta,
226 2551 294 2600 quae
306 2546 388 2602 poeta
401 2539 513 2589 Latinus
528 2555 582 2588 non
634 2541 679 2591 uhi
693 2541 812 2590 Achilles
830 2543 882 2592 ism
903 2544 929 2590 in
943 2543 1053 2592 Troiam
1067 2551 1119 2593 ter·

98 2605 157 2654 sine
185 2603 288 2656 Graeco
315 2615 424 2658 auctore
453 2611 583 2660 cecinisse
633 2625 690 2659 ram
709 2613 862 2675 pervenerit
879 2620 1119 2662 etamatrearms

99 2674 212 2722 videtur.
633 2682 774 2742 acceperit,
784 2696 869 2745 neque
880 2682 957 2742 illud,
966 2682 1038 2746 quod
1051 2697 1119 2745 quae

135 2743 164 2793 V.
188 2742 265 2796 1065.
301 2742 516 2812 ἐξονόμαζεν]
542 2754 583 2798 est
633 2749 712 2800 modo
732 2753 866 2812 appellata
884 2757 941 2800 erat
960 2751 1064 2811 Thetis,
1085 2753 1119 2800 dc

97 2815 346 2878 pronuntiavit,
390 2818 581 2880 profatus
633 2831 665 2866 sa
684 2819 736 2866 iam
755 2821 794 2866 sic
812 2819 926 2867 refertur
946 2822 1021 2881 quasi
1040 2821 1119 2867 t'crtia

98 2887 160 2942 est,
179 2889 209 2931 ut
222 2891 292 2932 recte
305 2885 517 2948 Musgravius
536 2901 582 2934 ex·
634 2899 762 2948 persona,
782 2889 846 2949 qula
864 2888 916 2935 lam
936 2888 974 2936 ita
993 2893 1118 2936 narratur

24 2994 29 3006 ,
96 2951 215 3015 plicavit.
234 2953 433 3016 Hesychius:
454 2953 487 3001 ἔκ
507 2947 530 3000 τ’
553 2948 581 3002 σ’-
633 2955 666 3001 de
692 2954 809 3015 Achille,
834 2961 863 3002 ut
889 2971 931 3004 res
957 2959 1046 3020 potius
1071 2955 1117 3004 ob·

97 3016 286 3084 adaugeatur*
306 3023 383 3088 λλεγι.
421 3021 499 3070 Coni.
519 3021 581 3070 Hc·
632 3024 762 3084 tinuatur,
790 3039 868 3086 quam
895 3039 1023 3088 persona,
1049 3039 1118 3090 quae

98 3091 177 3139 meri
198 3091 276 3142 lliad.
294 3092 315 3142 Ι.
334 3093 396 3146 361.
415 3091 469 3142 111.
480 3089 539 3144 398.
555 3097 581 3140 et
632 3100 693 3140 ante
715 3101 771 3141 erat
789 3090 931 3156 appellata.

94 3173 176 3222 saepe
195 3161 270 3211 alias.
670 3160 697 3210 V.
716 3161 788 3214 1076.
814 3159 1022 3224 Νηρῄδων-
1038 3159 1117 3225 προλ-

134 3227 163 3277 V.
188 3229 256 3283 1069
278 3246 318 3295 sq.
354 3228 519 3295 χρυσέων
548 3224 579 3278 ὅ·
633 3227 701 3292 aas]
740 3231 899 3294 primam
936 3231 1125 3296 Nereidum¹

97 3297 182 3346 αλων
215 3293 493 3364 Ἡφαιστοπόνων]
539 3299 580 3348 De
632 3299 922 3362 nescioquoauctore
943 3301 1118 3363 appellaverit

95 3367 138 3416 his
150 3366 285 3418 l'ulcaniis
295 3370 581 3433 armisAchillis,quas
631 3367 785 3431 Euripides,
802 3369 849 3418 sed
869 3371 1015 3419 rectissime
1029 3376 1117 3420 tamen

97 3435 231 3486 Vulcanus
246 3437 377 3489 Thetidos
395 3447 492 3503 rogatu
510 3454 580 3486 sum·
632 3439 791 3500 appellavit,
815 3439 886 3501 quod
910 3439 1049 3488 dicebatur
1067 3442 1117 3488 eti-

95 3520 140 3556 ma
166 3514 223 3556 arte
253 3507 368 3571 iecerat,
395 3510 467 3560 conf.
499 3507 579 3558 Iliad.
632 3521 674 3556 am
693 3507 871 3570 pulcherrima
889 3507 982 3558 fuisse.
1011 3509 1052 3558 Dc
1071 3524 1117 3572 ge·

59 3605 61 3610 ·
95 3573 195 3624 XVlll.
212 3573 268 3628 470
285 3592 345 3640 sqq.
632 3577 723 3624 netivo
735 3575 805 3626 conf.
826 3575 1057 3641 δαίμονααριῖισν
1070 3594 1117 3640 μα·

134 3641 163 3692 V.
183 3642 260 3702 1071.
283 3639 387 3694 ὅπλων
405 3673 436 3682 -—
458 3640 580 3710 ἔνδυτ’]
633 3641 721 3709 sepau
733 3645 831 3694 Bacch.
844 3644 904 3700 377.
924 3641 1032 3710 Ἀχιλλέα
1045 3648 1115 3712 apci-

94 3711 166 3762 Post
191 3705 279 3761 ἔνδυτ’
310 3723 419 3762 auctore
445 3711 479 3766 G.
503 3715 581 3764 Her·
633 3731 679 3763 τον
696 3709 825 3764 Ἑλλάδος.

95 3795 213 3832 manno
234 3787 306 3831 recte
324 3797 394 3831 nunc
413 3796 516 3832 comma
533 3799 581 3846 po·
670 3784 700 3833 V.
712 3783 781 3836 1078
791 3799 851 3846 sqq.
869 3785 922 3834 iam
942 3785 1039 3833 chorus
1054 3783 1117 3832 huic

96 3851 177 3901 situm
196 3860 245 3904 est.
271 3851 494 3902 Marklandus
519 3867 581 3900 aon·
632 3853 753 3903 felicitati
773 3853 903 3902 Thetidos
922 3853 1034 3902 ctPelei
1047 3857 1117 3902 ‘0011-
1205 3914 1208 3920 Ι

95 3921 159 3970 tulit
177 3920 274 3971 Bacch.
294 3920 353 3974 137.
375 3917 500 3983 νεβρίδος
518 3919 582 3982 ἔχων
632 3924 726 3972 tendit*
740 3924 863 3972 miseram
887 3929 985 3970 sortem
1007 3921 1116 3985 Iphige-

96 3985 170 4054 ἱερὸν
188 3988 306 4040 ἔνδυσιν.
631 3993 693 4041 nias
714 3993 927 4055 lamentaturque
949 3999 1116 4054 praesentem

134 4059 162 4106 V.
183 4058 260 4113 1073.
299 4052 580 4108 &asciscami-
631 4075 700 4122 rem,
725 4062 827 4123 verbis,
851 4069 880 4109 ut
901 4063 1007 4110 suntin
1030 4061 1116 4122 libris,

96 4127 194 4194 scuta]
214 4127 289 4178 Nihil
308 4127 464 4178 offensionis
483 4126 581 4176 habere
617 4129 774 4190 ,admodum
794 4132 934 4193 corruptis.

95 4204 186 4262 potest
204 4197 361 4262 nequehoc,
380 4197 452 4260 quod
471 4196 581 4246 hialam
669 4197 698 4247 V.
719 4198 796 4250 1079.
815 4193 860 4261 ’γ’
885 4193 1014 4262 ἆλιᾶν]
1037 4195 1116 4256 Quod

94 4267 240 4332 praeterito
259 4273 379 4332 tempora
397 4267 481 4315 utitur
492 4265 582 4330 poeta,
632 4265 747 4317 coniecit
764 4265 917 4332 Scaliger
935 4264 1043 4334 βαλιάν,
1062 4277 1117 4318 aaa
