2786 4776
108 345 111 362 ”
175 481 178 494 Ι
278 381 321 444 ns
608 383 938 452 ΕΥΡΙΠΙΔΟΥ

377 548 621 638 Λακεδαίμον’,
643 549 802 640 ἀνθηρὸς
824 555 886 638 μὲν
912 548 1058 636 εἱμάτων
1084 559 1184 649 στολῇ

373 657 485 743 χρυσῷ
512 679 545 722 τε
571 651 725 741 λαμπρὸς
749 652 914 741 βαρβάρῳ
938 653 1127 756 χλιδήματι,
1195 698 1199 702 -

376 759 461 841 δρῶν
486 757 617 842 δρῶσαν
644 752 739 841 ᾤχετ’
769 754 1006 842 ἐξαναρπάσας
1260 769 1303 830 75

372 857 504 938 Ἐλονην
524 855 610 944 πρὸς
625 855 717 938 Ἰδης
732 851 944 940 βούσταθμ’,
971 861 1114 940 ἔκδημον
1128 853 1250 942 λαβὼν

376 962 567 1026 Μενέλαον·
588 956 659 1024 ridi
676 955 762 1024 καθ’
782 954 910 1024 fitted
933 958 1111 1042 ολστρησας
1129 959 1307 1046 δρόμῳ

375 1057 496 1148 ὅρκους
522 1057 689 1136 παλαιούς
719 1056 899 1143 Τυνδάρεω
925 1057 1140 1148 μαρτύρεται,

377 1157 421 1238 ὡς
442 1159 507 1248 χρὴ
532 1163 681 1244 βοηθεῖν
708 1173 816 1228 τοῖσιν
842 1158 1061 1243 ἠδικημένοιςὶ
1122 1233 1124 1236 ,

376 1251 650 1329 τούντεῦθεν’
615 1286 676 1328 ονν
691 1257 848 1341 Ἕλληνες
873 1257 1011 1346 ᾄξαντες
1036 1267 1118 1348 δορί,
1260 1276 1303 1338 80

378 1361 476 1449 τεύχη
502 1359 662 1446 λαβόντες
686 1359 861 1451 στενόπορ’
892 1359 1038 1443 Αὐλίδος
1061 1361 1186 1452 βάθρα

278 1559 337 1608 aine
342 1554 452 1610 idonee
474 1575 555 1612 nausa
578 1566 734 1625 receperunt
750 1557 974 1609 Kirehhoifi
987 1575 1028 1610 ne
1046 1567 1072 1610 et
1089 1557 1300 1611 Nannkius.

278 1628 411 1691 Deinceps
429 1625 581 1694 ανθρώπων
599 1631 737 1695 Euripidis
755 1629 830 1686 libri,
843 1622 969 1704 Ἀργείαν
987 1629 1145 1680 Clementi.-
1165 1645 1196 1690 u,
1226 1633 1301 1696 qnod

277 1698 377 1748 iniuria
394 1715 411 1748 a
429 1702 519 1751 multia
537 1704 651 1763 oritiels,
673 1713 759 1764 nuper
776 1699 855 1747 etiam
875 1689 892 1747 'a
910 1695 1127 1749 Kirnhlroiiio
1146 1708 1173 1749 et
1189 1699 1219 1750 N
1226 1717 1299 1750 aue

277 1767 330 1816 kio
356 1776 491 1832 receptum
512 1780 560 1822 est.
604 1771 708 1822 Deinde
737 1766 802 1832 λέγει
828 1782 877 1830 pro
907 1767 956 1830 ἔχει
982 1770 1134 1819 dubitanter
1164 1776 1301 1836 proponit

278 1836 456 1892 Nunekine.

347 1909 379 1957 V.
400 1907 442 1961 73.
480 1909 539 1958 σεολ
542 1928 557 1971 η
547 1909 635 1960 libri
654 1905 792 1968 Euripidis
811 1903 888 1954 ambo
907 1912 933 1955 et
955 1907 1076 1971 plerique
1092 1903 1299 1972 Clementis,

276 1977 330 2026 nisi
348 1979 421 2042 qund
438 1981 510 2043 apud
526 1981 601 2030 illum
620 1974 833 2037 Menneueg.
852 1971 1000 2040 orniquid
1019 1979 1089 2042 quod
1108 1981 1299 2044 exscriptum

279 2048 367 2110 σεολίμ
386 2049 468 2099 iacile
484 2051 547 2100 oriri
567 2049 662 2132 potuit.

348 2117 380 2166 V
401 2119 443 2171 77.
479 2119 601 2180 pertinet
619 2109 669 2167 οὖν
687 2106 753 2164 καθ’
777 2108 863 2162 δλλάδ’
883 2113 950 2167 Ood.
970 2114 999 2164 B
1021 2130 1122 2168 ecorr
1139 2131 1172 2166 m
1193 2129 1251 2169 see.
1272 2126 1297 2168 et

276 2185 317 2236 εἰσ
338 2187 420 2250 volgo
443 2190 506 2238 olim
532 2189 678 2258 legebatur.
705 2183 829 2244 μενέλαον
859 2176 872 2231 ὁ
897 2182 925 2232 δὲ
950 2179 1017 2234 καθ’
1039 2178 1123 2234 ελλάδ’
1150 2185 1223 2237 Cod.
1244 2187 1297 2237 BC.

253 2253 355 2318 ‘Unde
373 2265 444 2308 recte
461 2260 610 2308 restitutum
629 2265 680 2308 est:
699 2252 845 2302 Μενέλαον·
865 2247 880 2300 δ
899 2253 927 2303 δὲ
945 2251 1012 2305 καθ’
1028 2249 1148 2314 Ἑλλάδα,
1171 2259 1200 2307 id
1223 2261 1296 2324 qnod

278 2432 351 2476 etune
376 2428 542 2480 Clemente
568 2427 759 2482 Alexandri·
810 2424 879 2480 1317
892 2442 932 2490 sq
949 2423 1026 2476 πολιν
1037 2424 1184 2513 καεαστηδ
1205 2427 1293 2496 ἡσύχῳ

277 2510 317 2544 no
336 2490 458 2562 Ἀργειων
476 2515 523 2562 pro
549 2485 701 2563 ἄνδρύαῶν
718 2513 757 2547 re·
808 2495 855 2555 μὲν
875 2491 976 2557 ὄμματι,
1002 2492 1111 2578 χρόᾳε’
1132 2494 1234 2566 ἀδήλῳ
1245 2502 1293 2550 :nir

278 2569 430 2628 ponendum
451 2583 508 2619 esse
534 2574 706 2632 putaverunt,
731 2569 759 2618 id
810 2563 973 2629 δεδραμένων
1000 2566 1067 2631 πέρι.
1093 2569 1125 2618 de
1151 2586 1206 2634 quo
1231 2572 1291 2620 loeo

277 2643 368 2698 aperte
403 2637 499 2687 falsum
533 2646 573 2688 est
609 2647 759 2703 propterea,
810 2637 871 2686 vide
895 2652 963 2700 quae
980 2637 1037 2686 dixi
1054 2637 1088 2690 ad
1108 2637 1291 2689 Denarium
1362 2641 1366 2650 ’

279 2706 350 2768 qnod
364 2721 444 2768 quum
463 2707 528 2757 haec
546 2708 627 2758 verba
639 2724 694 2757 non
710 2708 758 2758 ali·
809 2708 863 2756 rol.
880 2705 917 2755 Il.
932 2721 958 2770 p
971 2707 1023 2760 659
1035 2721 1074 2770 sq
1091 2713 1117 2756 et
1129 2710 1164 2758 ed
1185 2709 1235 2762 Or
1250 2709 1291 2762 24.

279 2788 368 2824 orsum
394 2777 535 2826 referenda
567 2780 620 2828 sint
648 2777 699 2827 niei
724 2777 759 2826 ed
809 2775 1291 2840 p.32sq.1³r1ugttusannn-

276 2843 403 2894 iuditium
424 2847 529 2897 Paridis
545 2849 580 2898 de
608 2849 692 2896 tribus
710 2847 764 2896 illis
810 2847 893 2896 droun
904 2845 964 2905 466.
980 2845 1056 2909 p..73
1072 2847 1113 2896 ed.
1132 2849 1176 2898 alt.
1200 2849 1290 2899 Rost.

276 2914 392 2977 deabus,
419 2933 487 2980 qnae
512 2919 545 2968 de
572 2917 758 2983 pulcritudinis
809 2930 849 2978 gr.
874 2914 920 2965 Gr.
945 2916 969 2979 ξ
990 2915 1048 2968 134
1073 2917 1105 2966 B.
1129 2918 1154 2970 6.
1177 2920 1242 2968 adn.
1265 2920 1289 2986 5:
1328 2935 1332 2940 ·

277 2983 356 3036 laude
376 2995 557 3050 certaverunt,
580 3003 611 3039 ea
637 3003 678 3043 res
703 3002 756 3035 non
809 3001 846 3040 ne
865 3001 889 3050 p.
910 2984 968 3038 740.
986 2987 1027 3035 ed.
1048 2995 1113 3048 sept
1138 2987 1181 3037 De
1201 3004 1230 3038 re
1250 3005 1290 3037 re·

277 3061 330 3104 tarn
345 3056 547 3121 rnArorvorum
563 3059 757 3108 existimatione
809 3063 849 3104 ate
875 3055 1047 3104 adsimulavit
1073 3055 1129 3104 nr.
1147 3057 1289 3108 Veteres

276 3127 365 3187 posite
391 3135 460 3190 erat,
491 3145 568 3210 qnam
598 3129 706 3177 omnino
729 3127 756 3174 in
808 3124 908 3176 'lrnad
928 3124 1289 3187 9855q„11brfleeubafle

276 3195 413 3246 hominum
426 3213 561 3262 opinione
580 3203 618 3259 ut,
634 3212 655 3247 er
669 3196 756 3244 nano
785 3195 884 3244 ·lenae
908 3196 982 3244 dinit:
1007 3191 1039 3244 δν
1062 3193 1159 3244 ἰδοῦσα
1183 3194 1288 3260 βαρβά-

275 3264 335 3314 n‘em
361 3274 458 3318 certam
480 3285 495 3317 a
497 3234 618 3333 ppellare'
636 3267 756 3327 deheres,
806 3261 1116 3347 ροιτέσδήμασιΧρυσςδ
1131 3282 1157 3314 τε
1171 3265 1288 3332 λαμπρὸν

276 3333 410 3398 Phrygios
428 3339 518 3402 potius
537 3339 659 3389 homines
677 3352 755 3400 quam
807 3331 993 3399 ἐξεμαργώθης
1009 3333 1123 3397 φρέναεη
1132 3337 1232 3400 quibua
1244 3337 1289 3388 ad

277 3404 396 3466 Argivos
430 3407 674 3458 commemorandos
707 3421 755 3470 pu·
808 3404 856 3454 dus
875 3421 943 3468 quae
968 3403 1121 3454 Clemens
1142 3407 1287 3457 Alexan-

192 3467 197 3481 '
275 3479 379 3522 teres
808 3475 927 3524 drinus
947 3475 964 3526 l.
984 3491 1005 3522 ο.
1025 3475 1157 3538 ετρσειείτ.

253 3602 258 3610 ,
313 3541 345 3588 V
366 3540 406 3593 73
434 3539 754 3609 ἄνδηρότμὲνείμά·
842 3544 874 3592 V.
889 3545 929 3597 75,
950 3538 1288 3610 e'puireprdeuuq’r'zer'

276 3625 337 3657 των
367 3613 461 3672 στολῇ
487 3615 591 3680 χρυσῷ
626 3631 654 3664 ιε
685 3615 752 3674 λαμ·
795 3610 1052 3678 ἐξαναρπάσατ]
1089 3615 1218 3663 Helenam
1249 3616 1286 3662 lu-

276 3674 386 3746 πρόε]
393 3678 479 3731 Seribi
500 3685 604 3746 quidem
623 3685 655 3734 ab
677 3683 755 3732 Euri·
807 3683 884 3732 bento
900 3685 989 3733 animo
1005 3700 1063 3734 cum
1084 3685 1182 3734 Paride
1197 3685 1286 3747 prole·

274 3749 336 3812 pide
351 3749 404 3797 alio
419 3753 532 3812 quodam
545 3754 624 3820 modo
638 3761 755 3816 poterat.
806 3760 880 3802 etam.
888 3769 946 3802 esse
956 3755 1016 3804 aliis
1032 3755 1097 3803 loeis
1113 3755 1202 3802 multis
1218 3755 1285 3802 indi-

276 3814 437 3883 δνθηρὸε’
410 3835 456 3879 μεν
474 3813 583 3880 εἱμάτων
597 3822 681 3884 στολῇ,
695 3823 755 3882 λαμ·
806 3831 890 3886 cetur,
897 3823 994 3874 Troad
1003 3823 1063 3876 375
1071 3841 1111 3873 και
1106 3817 1202 3872 ταῦθ’
1208 3820 1283 3871 ἑκού-

275 3884 343 3951 πρδε
357 3885 390 3940 δὲ
405 3889 495 3954 χρυσῷ
510 3889 559 3938 κού.
584 3889 637 3942 Sed
650 3905 702 3941 non
714 3909 755 3942 re
806 3905 866 3956 σητ,
885 3887 919 3942 ου’
940 3893 987 3958 βιᾳ
1005 3893 1170 3977 λεληαμὲνωηε
1184 3893 1283 3941 Τεοεδ.

273 3968 315 4012 ate
334 3968 421 4010 tumen
440 3960 625 4022 feneramini,
645 3962 752 4025 qnipro
807 3962 872 4015 1031
893 3979 931 4027 sq.
950 3956 1170 4028 ἐκοαοίωεεήνδ’
1189 3960 1218 4010 ἐκ
1240 3959 1283 4010 δυ’-

275 4047 303 4080 τε
324 4037 384 4098 post
400 4031 493 4112 χρυσῷ.
505 4031 599 4094 reponi
617 3997 757 4080 ioluernut
806 4048 860 4115 μρν
886 4030 1012 4081 ἐλθεῑν’
1000 4035 1068 4094 εμαλν
1087 4031 1169 4086 Eurus
1188 4028 1219 4079 ir
1241 4026 1283 4080 εύ-

274 4099 310 4150 di.
348 4100 434 4164 Saepe
453 4116 521 4150 εοεαε
539 4100 638 4150 lantum
657 4107 706 4162 est,
727 4108 756 4150 nt
806 4099 860 4152 νύν
903 4102 1102 4156 Electr.1065.
1128 4097 1284 4166 ἠμὲνγδρ

274 4173 427 4236 praeposita
448 4169 494 4233 μὲι
513 4171 669 4236 partieuln'
663 4185 772 4228 immn-
806 4165 991 4234 δρπασδεΐσ”
977 4174 1066 4222 aunriu’
1078 4169 1202 4236 οἷπρχετο
1222 4172 1283 4220 Alio

273 4246 329 4289 tata
353 4241 462 4302 leviter
476 4243 672 4292 construetione
695 4253 754 4292 ore·
805 4243 885 4292 mode
908 4243 1020 4292 Helena
1037 4247 1097 4306 ipsa
1123 4242 1282 4292 adulterium

231 4309 234 4314 '
274 4308 355 4358 tinnis
372 4313 517 4374 lnlnrretur
536 4311 568 4370 τὲ,
586 4313 652 4362 utin
666 4307 752 4366 Oreet.
804 4315 971 4362 commissum
995 4327 1122 4364 excusare
1145 4311 1263 4362 studet
1256 4324 1282 4358 rn
