2746 4774
14 2687 15 2690 ,
104 2661 185 2708 supra
204 2641 239 2693 ad
259 2661 283 2693 v.
301 2643 353 2697 842
372 2663 409 2709 sq.

460 300 797 406 (lrr'si'uss
1069 347 1126 410 139

180 512 360 598 πρόςωπον
387 523 432 590 τίς
458 517 522 597 γῆν
550 512 610 580 σὸν
636 516 777 599 βαλούσ’
809 512 992 607 ἄφθογγος
1018 516 1056 602 τί,

181 612 225 689 ὠς
252 621 297 692 τίς
326 613 533 700 στεναγμοὺς
559 623 613 682 καί
638 615 740 702 χόους
766 620 987 704 δραμουμένη.

469 719 508 784 Η
517 719 553 783 Α
566 717 633 782 ΕΚ
645 719 711 784 ΤΡ
722 721 761 784 Α.

541 827 569 860 στ
589 828 625 874 οφ
663 830 687 862 α.

182 883 393 970 κατάρχομαι
419 830 614 971 στιναχμίίν,
630 831 667 950 ’ὦ
697 889 880 970 Πελασγία,

182 988 320 1052 τιθεῖσα
346 981 464 1050 λευκὸν
490 979 594 1070 ὄνυχα
624 982 678 1052 διὰ
707 989 890 1074 παρηίδων,

181 1081 275 1176 [τὰν]
305 1083 494 1169 αἱματηρὸν
522 1081 621 1161 ἄταν,

180 1184 310 1250 κτύπον
335 1209 368 1250 τε
395 1185 528 1270 κρατός,
555 1184 595 1253 ὃν
620 1186 707 1272 ἔλαχ’
738 1184 761 1253 ἁ
789 1183 875 1253 κατὰ
901 1187 1036 1271 χθονὸς

181 1293 342 1372 νερτέρων
373 1287 597 1374 [Ιερσέαασσα
626 1291 802 1366 καλλίπαις
831 1286 910 1353 θεά.

184 1391 314 1472 ἰαχείτω
340 1387 374 1451 δὲ
404 1389 447 1468 χᾶ
475 1383 668 1466 Κυκλωπία,

14 1533 15 1540 .
119 1567 131 1578 ἱ
179 1490 319 1571 σίδαρον
347 1490 398 1551 ini
426 1484 514 1574 κοίρα
543 1493 678 1556 τιθτῖσα
706 1490 878 1578 κοιίριμον,

180 1586 311 1671 πήματ’
345 1589 454 1654 οίκων.

1064 899 1126 962 960

1062 1398 1124 1464 965

173 1783 208 1832 V.
225 1781 287 1842 963.
327 1797 421 1832 raom.
442 1783 473 1834 Il.
511 1784 574 1848 ἔλαχ’
599 1780 684 1848 ΗΟ.

171 1855 205 1902 V.
225 1849 286 1906 964.
323 1851 453 1902 nullitate
476 1853 528 1916 (γρ.
553 1851 615 1917 καλὴ
640 1853 713 1916 παῖε)
739 1852 772 1900 Α.
808 1849 1037 1902 Sobollestes:
1063 1847 1123 1912 χριί-

106 1936 179 1983 φιιαι
204 1918 232 1970 δὲ
257 1916 285 1970 τὸ
309 1921 482 1976 κσλλίπαιι
506 1923 546 1972 καί
572 1919 651 1986 καλὴ
682 1926 764 1971 nnis.
803 1920 933 1970 καλλίπαιι
955 1930 1048 1970 senum
1072 1933 1124 1968 uon

106 1993 209 2041 videtur
228 1989 389 2040 Neuokio.
428 1994 465 2040 At
484 1993 545 2042 vide
564 1993 656 2042 ednot.
676 1996 777 2053 exeget.

175 2061 204 2110 V.
224 2059 286 2114 965.
321 2060 466 2109 κυκλωπεία
484 2061 512 2111 C.
1128 2117 1131 2124 ,

174 2131 204 2178 V.
222 2129 283 2183 9ο6.
321 2126 430 2192 σίδηρον
448 2129 479 2178 F.
516 2126 676 2195 κάρα[Α]ο.
715 2120 794 2192 κρᾶτα
812 2125 867 2176 BF.
905 2125 984 2190 κρᾶτα
1002 2125 1030 2176 0.
1063 2122 1124 2175 κου’-

105 2200 174 2261 ρι(μο
194 2214 209 2248 e
227 2213 297 2250 eorr.
316 2214 355 2262 pr.
376 2202 456 2261 men.)
494 2198 524 2248 B.

175 2267 204 2316 V.
224 2267 285 2321 967.
323 2268 372 2316 τῶν
402 2263 527 2331 ἀτρειδτῦν
557 2261 693 2332 (ἆτρειδοίν
717 2265 787 2329 AB.)
818 2259 909 2330 πήματ’
939 2266 1019 2315 ollone
1042 2265 1125 2316 ABR.

104 2338 195 2400 glossa
215 2338 295 2399 liaeo,
314 2351 392 2400 quem
409 2339 510 2402 primus
530 2337 743 2401 Musgrevlns
772 2338 896 2401 agnovit,
914 2337 1019 2386 videtur
1036 2335 1065 2386 in
1084 2349 1125 2385 ee-

103 2409 164 2456 teris
185 2408 259 2458 libris
278 2407 370 2458 heberi
389 2415 450 2470 post
468 2408 555 2456 οἴκων.

104 2571 198 2640 σίσν]
220 2575 262 2625 De
280 2577 330 2626 hae
347 2576 515 2639 appositione
530 2575 591 2626 vide
644 2572 763 2636 δόμοισιν
800 2570 941 2634 μονόπαιι,
980 2577 1125 2637 iuvenis,

644 2647 698 2708 qui
717 2652 810 2694 esset
827 2645 945 2694 uniens
969 2645 1076 2695 filius.
1100 2653 1127 2694 et

137 2715 168 2762 V.
189 2713 251 2766 964.
288 2713 448 2779 νερτέρων
472 2711 590 2774 Πιρσὲ-
646 2715 740 2764 Hero.
767 2713 837 2762 Fur.
860 2713 920 2766 689.
951 2710 996 2762 τὸν
1020 2713 1127 2765 floretis

105 2798 215 2845 φασσα
236 2780 498 2849 καλλίπαιεθοσί]
512 2781 591 2841 Quod
642 2779 753 2834 εὔπαιδα
783 2781 873 2847 γόνον.
914 2783 971 2833 Neo
997 2784 1126 2834 dissimile

105 2849 166 2916 καλὴ
187 2857 248 2901 nais
259 2867 308 2916 pro
325 2855 453 2902 verietate
468 2853 591 2904 lectionis
612 2901 617 2909 ,
643 2859 683 2902 est
707 2853 777 2916 quod
801 2859 842 2902 esi
872 2854 900 2901 in
923 2853 1017 2902 Helen.
1048 2869 1074 2902 v.
1098 2851 1124 2904 1.

104 2924 129 2972 in
150 2921 219 2972 Cod.
238 2924 267 2970 Α.
287 2929 313 2972 et
330 2924 363 2972 eb
376 2921 527 2972 Scholiasta
545 2921 589 2970 ed·
643 2919 740 2970 Νιίλον
768 2920 813 2980 μίν
841 2919 897 2970 uide
925 2919 1126 2986 καλλιπάρθενοι

104 2993 233 3055 seriptum
256 2998 310 3054 est,
333 2992 361 3040 id
385 2998 475 3041 netum
499 2997 539 3040 est
557 3005 590 3040 ex
643 2985 711 3056 ῥοαί.
746 2989 815 3040 Nem
839 2988 909 3056 πηγὴ
925 2991 1068 3056 ,παρθένοι
1085 2991 1124 3042 ‹li-
1199 3003 1202 3008 “

104 3061 339 3124 grammaticorum
357 3067 403 3110 aut
421 3061 590 3110 librariorum
642 3061 710 3110 eitur
729 3059 761 3108 eb
785 3062 952 3124 Aeschylo
972 3062 1047 3112 Pers.
1064 3060 1125 3114 619,

104 3131 278 3193 negligentia.
315 3127 489 3193 Περσέφασσα
508 3129 589 3178 καλλί-
642 3137 671 3181 ut
699 3129 797 3191 virgo
832 3145 915 3194 eque
947 3131 979 3180 ab
1012 3128 1125 3190 Latinis,

105 3213 164 3248 παιι
181 3196 236 3246 θεὰ
260 3199 358 3250 dieitur
381 3200 433 3261 ite,
463 3199 591 3262 quemad·
642 3199 729 3263 quode
757 3199 817 3248 vido
846 3213 914 3262 quae
948 3199 1064 3248 diximus
1092 3199 1127 3247 ud

104 3270 212 3318 modum
240 3267 455 3330 Musgrevius
474 3267 589 3317 rectissi-

14 3319 15 3368 3
104 3353 144 3388 me
171 3352 228 3396 ,rem
251 3337 382 3398 absolvit,
407 3352 462 3386 non
481 3343 510 3384 ut
533 3336 590 3386 καί·

14 3403 16 3428 *
104 3407 189 3454 λίπαιτ
207 3421 266 3457 eom
284 3413 386 3456 tentum
404 3406 485 3455 modo
507 3407 589 3468 sigui·

103 3476 210 3531 liceret,
240 3490 323 3536 queo
355 3475 491 3525 heberet
522 3475 589 3538 pul-

104 3560 189 3596 ernm
201 3545 346 3607 puellum
358 3550 415 3594 eut
431 3544 590 3606 filiolam,

106 3629 196 3662 verum
219 3613 298 3664 etiem
318 3615 400 3675 illum,
419 3628 500 3677 quae
517 3614 591 3677 ipse

104 3683 251 3744 pnlorae
276 3683 411 3747 puellae
439 3693 589 3734 neturem

104 3751 247 3800 liaberet
282 3758 313 3800 et
349 3758 439 3801 esset
474 3753 591 3815 pulcre

104 3821 230 3882 puelle,
260 3822 288 3870 in
319 3836 402 3884 quam·
431 3821 590 3870 seutentiam

14 3901 15 3904 ’
104 3890 195 3940 attulit
213 3888 316 3940 Phoen.
340 3889 417 3943 1621.
447 3883 501 3938 ἄλλ’
520 3884 590 3938 τίν’τι-
617 3933 620 3938 ,

106 3970 169 4006 nvos
188 3956 317 4024 ξυνωρίι,
335 3960 353 4018 ί.
374 3974 397 4008 e.
416 3973 478 4022 per
496 3974 590 4023 gene·

14 4027 15 4068 Ῑ
105 4041 260 4077 rosetum
302 4027 504 4088 liberorum,
537 4042 591 4076 non

106 4111 164 4158 per
184 4097 270 4159 quod
289 4097 388 4148 hubot
408 4111 592 4158 generosos

14 4201 15 4222 2
106 4167 249 4228 liberos,
273 4173 327 4215 tum
352 4167 452 4218 Aleost.
478 4163 529 4218 904
553 4181 592 4229 sq.

14 4231 16 4264 i
107 4225 125 4296 nl
160 4232 241 4297 κόροι
269 4229 434 4299 οίξιιίθρηνοι
463 4229 535 4284 ὤλετ’
566 4231 593 4282 ίν

641 3268 736 3318 Helen.
761 3267 780 3316 l.
807 3284 829 3316 o.
855 3282 881 3331 p.
908 3268 950 3321 20.
977 3268 1019 3316 ed.
1044 3263 1125 3316 Goth.

641 3337 686 3386 alt.
733 3335 798 3384 Rem
826 3342 1019 3402 perspexerunt
1047 3336 1126 3384 etiem

642 3403 875 3466 GIossetores,
904 3416 1017 3468 quotum
1043 3420 1127 3464 uuus;

643 3473 813 3526 καλλίπαις
831 3475 873 3523 καί
891 3469 906 3538 ἡ
926 3469 989 3538 καλὴ
1009 3478 1075 3536 παῖε,
1091 3468 1127 3526 νίν

641 3541 766 3592 ἐνταῦθα.
785 3550 811 3592 et
823 3545 905 3594 eltert
925 3539 941 3608 ἢ
960 3537 975 3608 ἦ
994 3535 1063 3594 odeo
1081 3560 1125 3594 κα-

642 3607 672 3676 λή
691 3617 750 3662 παῖε
770 3613 815 3676 τῆς
831 3609 981 3678 Δημηιρόι.
1007 3613 1049 3664 De
1068 3618 1126 3664 uni·

643 3697 719 3731 versu
737 3697 817 3736 eausa
834 3699 905 3733 nuno
927 3682 1049 3734 conferes
1067 3683 1126 3732 Lo·

642 3751 754 3802 beokii
773 3751 968 3817 Paralipomeu.
989 3768 1013 3816 p.
1033 3752 1094 3806 372.

677 3821 706 3869 V·
725 3821 785 3874 965.
810 3820 937 3885 ίαχείτω
957 3818 990 3870 δὲ
1007 3822 1048 3885 γᾶ
1067 3820 1125 3870 Κυ-

643 3890 779 3955 κλωπία]
805 3899 877 3942 terru
902 3890 1067 3954 Cyclopia
1088 3891 1126 3937 vi·

643 3958 719 4008 detur
747 3959 858 4022 Argolis
889 3966 1032 4025 propterea
1066 3957 1128 4019 diei,

643 4029 716 4090 quod
747 4030 864 4092 antiquis
891 4026 1069 4078 monumentis
1097 4039 1128 4076 ee

644 4099 725 4146 muris
745 4097 928 4162 Pelasgorum,
948 4108 1015 4158 quos
1034 4093 1128 4156 Cyelo-

644 4168 702 4227 pios
721 4168 856 4228 dicebant,
877 4172 933 4216 erat
950 4165 1080 4212 instructa
1097 4177 1128 4213 ee
1157 4171 1159 4176 ’

645 4235 753 4284 munite.

624 4393 643 4424 Ο
