2806 4782
287 307 539 398 ἰιιιςιιιςιι
567 333 603 398 ιι
630 331 696 398 ιιι
724 331 947 398 rainois.
1085 325 1127 388 ιν

210 500 390 584 μέλπουσιν
415 496 586 582 ίγκόκλιυι,

111 597 185 673 430
210 604 434 681 πλησιστίοισι
459 595 591 687 πνοαῖς,
1066 619 1127 680 415

209 699 418 790 συριζόντων,
436 700 522 769 κατὰ
550 699 707 790 πρύμναν

211 803 353 872 εὐναίων
379 807 548 886 πηδαλίων

208 902 371 989 οὔροισιν
396 911 525 984 νοτίαις

211 1001 231 1088 ἢ
259 1005 421 1091 πνεύμασι
446 1002 612 1096 Ζεφύρου,

108 1105 183 1182 435
214 1103 276 1173 τόν
305 1105 542 1194 πολυόρνιθον
570 1106 614 1174 ἐπ’
646 1105 736 1184 αἶαν,
1066 1123 1130 1188 420

179 1306 213 1356 V.
222 1303 283 1358 415.
301 1306 471 1370 πλησιστίοισι
484 1303 550 1354 (lod.
563 1301 595 1356 Β.
611 1304 652 1354 καί
671 1304 921 1368 πίησισιίοισιῦοιί.
932 1304 960 1358 C.
973 1315 998 1357 et
1012 1308 1126 1360 Aldus.

178 1375 213 1424 V.
232 1374 292 1428 418.
312 1369 433 1440 οὔροισιν
451 1379 549 1425 νοτίαις
565 1375 660 1437 ισιίρςί
681 1391 738 1424 enm
753 1373 903 1426 Nauokio
923 1375 955 1426 de
974 1379 1129 1430 coniectura

109 1445 331 1496 Kirehhottii.
351 1441 444 1511 αὔραις
467 1446 565 1494 νοτίαις
589 1441 657 1494 (lod.
675 1443 707 1494 B.
728 1441 821 1510 αι’ίραις
839 1447 867 1495 is
891 1449 990 1496 νοιίαις
1008 1447 1074 1499 Coti.
1098 1449 1127 1502 C.

107 1525 138 1594 el
156 1516 293 1638 Δί’ίιίί9.
329 1579 455 1645 πνεύμασι
473 1581 559 1632 codd.
580 1581 625 1648 [Β]
645 1579 674 1633 C.
694 1589 809 1634 πνοιαῖσι
827 1585 992 1638 Μιιςιιιιιι.

180 1654 215 1707 V.
233 1654 293 1707 420.
329 1651 504 1719 ποίιόρνιθον
525 1651 594 1703 Coo.
615 1653 646 1704 B.

108 1825 184 1890 quod
201 1824 229 1872 in
247 1837 279 1874 ea
303 1824 326 1874 is
350 1825 417 1873 situs
441 1828 525 1884 esset,
550 1837 594 1871 co·
643 1823 767 1887 Euripidi
786 1823 933 1873 convicium
958 1825 1022 1875 iecit
1041 1823 1128 1876 Vals-

107 1894 267 1958 guominata
284 1901 334 1957 est,
350 1895 379 1943 id
393 1892 595 1958 quodrelerunt
645 1895 715 1943 sius
732 1894 767 1942 ad
787 1894 957 1944 ammianum
974 1896 991 1944 l.
1013 1910 1034 1944 c.
1053 1902 1072 1947 t.
1093 1894 1127 1947 lI.

111 1965 305 2014 Pausanias
329 1971 356 2014 et
372 1963 460 2013 Mela
483 1970 509 2011 ct
528 1962 594 2012 Pli-
643 1977 669 2026 p,
689 1962 750 2016 469.
775 1965 816 2015 ed.
840 1963 938 2027 Wagn.
985 1963 1040 2014 Sed
1063 1964 1128 2014 milri

110 2035 188 2084 nius
207 2034 234 2086 ll.
246 2048 284 2087 co.
301 2034 368 2084 llam
381 2033 594 2096 insulam,quam
644 2032 787 2097 Euripides
806 2035 868 2096 ¹ipse
887 2035 992 2084 videtur
1021 2035 1068 2084 has
1088 2036 1128 2084 in·

108 2105 157 2154 alii
176 2120 192 2153 a
210 2104 331 2154 candidis
350 2104 452 2164 bestiis,
472 2117 539 2166 quae
556 2103 594 2152 ibi
644 2104 715 2154 sulas
742 2117 790 2166 pro
813 2105 926 2154 diversis
952 2103 1077 2155 habuisse
1102 2112 1128 2154 et

109 2176 248 2231 viverent,
269 2175 314 2224 alii
336 2187 353 2222 a
370 2173 483 2222 candido
503 2174 594 2224 littore
643 2174 685 2222 his
709 2174 795 2222 tribus
826 2173 982 2223 enuntiatis:
1012 2170 1057 2223 ιιίν
1080 2188 1127 2223 πο-

107 2244 209 2293 dictam
228 2257 286 2293 esse
304 2245 443 2305 dixerunt,
463 2243 506 2292 hic
523 2250 550 2292 et
568 2245 596 2293 in
645 2239 791 2307 ίυόρνιθον
814 2237 853 2291 ἐπ’
877 2235 948 2301 ulau,
967 2240 1074 2294 Αιιιιιὰν
1098 2241 1128 2296 d·

110 2315 245 2362 Androm.
262 2313 279 2366 l.
296 2329 318 2366 o.
332 2309 440 2377 Λευκὴν
457 2307 537 2376 ᾰιιιίην
556 2313 596 2362 di·
645 2309 715 2370 ιιιάο,
735 2306 848 2376 Ἀχιλῆος
866 2310 982 2376 δρόμους
997 2315 1127 2364 ναίίισια·

108 2384 310 2446 xitEnripidcs.
331 2381 409 2440 Quod
419 2390 505 2432 autem
517 2383 597 2446 poeta
645 2381 720 2432 diens
738 2385 788 2431 iter
798 2381 970 2446 Graecorum,
991 2385 1035 2462 qui
1054 2387 1128 2434 littus

111 2462 205 2502 noster
223 2453 274 2502 hoc
292 2455 351 2502 loco
364 2455 416 2502 iam
429 2453 516 2502 addit:
533 2445 596 2516 Ἀχι-
643 2455 672 2504 in
690 2454 842 2516 navigando
862 2454 1050 2517 sequebantur,
1070 2457 1128 2505 uni-

112 2523 175 2586 λῆος
194 2518 311 2584 δρόμους
330 2519 537 2580 καλλισταδίους,
559 2524 596 2584 id,
644 2538 751 2573 versum
776 2525 804 2572 in
828 2525 888 2572 istie
907 2526 1063 2588 regionibus
1082 2526 1128 2574 de·

113 2593 137 2642 si
166 2607 257 2642 verum
289 2596 453 2656 quaerimus,
489 2596 597 2657 proprie
645 2595 765 2656 signare,
790 2607 844 2642 ιιοιι
868 2609 949 2642 unum
972 2595 1059 2644 locnm
1084 2596 1128 2644 dc-

111 2678 166 2711 non
184 2665 300 2726 pertinet
322 2663 355 2710 ad
374 2663 447 2713 illam
473 2663 595 2722 insulem,
645 2664 761 2714 scribere
772 2664 898 2725 voluisse,
912 2666 950 2713 ita
963 2673 992 2713 ut
1005 2666 1128 2729 quemad·

112 2747 190 2796 quam
209 2733 288 2781 modo
307 2731 413 2783 Leucon
437 2740 482 2780 aut
507 2734 596 2782 Achil·
645 2735 751 2784 modum
770 2734 797 2782 in
809 2735 930 2783 versibus
946 2735 1129 2798 superioribus

111 2801 181 2851 leam
200 2803 296 2850 dictam
315 2814 373 2851 esse
397 2804 525 2864 uidimus,
549 2802 596 2852 sed
646 2805 758 2868 primum
777 2801 1032 2868 Symplegadas,
1054 2806 1129 2854 dein·

111 2872 148 2920 ad
174 2871 371 2934 paeninsulam,
398 2887 465 2935 quae
484 2870 597 2924 CXXV.
646 2874 679 2923 de
698 2872 945 2935 Salmydessum
965 2876 1076 2938 eiusque
1087 2889 1128 2924 re·

112 2941 151 2994 M.
169 2956 245 3005 pass.
270 2958 286 2991 a
304 2941 392 2990 Leuce
409 2943 496 2990 insula
514 2942 596 2990 dista·
646 2945 692 3006 gni
716 2943 807 2990 littora
824 2952 1005 3006 memorasset,
1029 2947 1067 2994 sic
1086 2945 1130 2994 hic

113 3011 167 3071 bat,
179 3005 312 3072 Ἀχίίίιιος
326 3008 425 3075 δρόμος
433 3013 514 3072 dicta,
526 3011 597 3075 quod
646 3014 759 3076 primum
769 3012 846 3061 istam
854 3014 991 3076 regionem
1002 3015 1130 3064 silvarum

112 3080 149 3130 ibi
173 3075 276 3130 ludicro
302 3083 447 3132 certamine
473 3081 594 3130 Achilles
644 3083 784 3146 aviumque
802 3081 1070 3149 plenissimam,quae
1089 3097 1129 3133 es-

111 3152 252 3200 viotoriam
275 3151 447 3212 celebrasset,
469 3158 495 3199 et
514 3164 594 3213 quom
644 3159 685 3201 set
704 3154 731 3200 in
752 3151 829 3202 ostiis
854 3153 921 3210 istri,
945 3153 1058 3216 diceret,
1085 3153 1130 3201 de·

111 3221 149 3270 alr
164 3222 337 3284 armis'quies
353 3229 431 3282 esset,
450 3235 594 3270 sescenos
644 3222 706 3272 inde
739 3220 845 3270 Leucen
881 3223 994 3271 insulam
1030 3223 1130 3273 Achilli

113 3305 191 3340 cursu
209 3292 416 3353 exercitavisset,
431 3292 494 3340 vide
506 3288 595 3339 Stra·
646 3305 757 3350 sacram,
777 3291 891 3354 denique
904 3291 1047 3342 Achilleon
1068 3293 1130 3341 dro-

113 3361 229 3410 bonem
252 3359 305 3413 Vll.
324 3359 350 3423 3,
369 3360 409 3413 19.
429 3375 454 3424 ρ.
474 3359 533 3412 306.
552 3369 595 3422 ip.
645 3375 708 3410 mon
726 3366 785 3422 aut,
809 3367 838 3408 ut
862 3364 921 3426 ipse
945 3363 1074 3426 scripsitp
1092 3358 1130 3411 'A-

111 3429 455 3496 iureconsultum).
477 3429 595 3478 Melam
646 3429 747 3492 χιίίέως
782 3426 899 3492 δρόμους
933 3441 1057 3495 poneret,
1102 3439 1131 3482 ut

112 3497 147 3548 ΙΙ.
175 3499 205 3562 1,
225 3499 250 3553 5.
285 3499 431 3550 Plinium
455 3497 517 3548 hist.
542 3505 594 3552 nal.
646 3497 809 3549 Graecorum
829 3502 879 3550 iter
897 3503 1056 3552 maritimum
1076 3504 1131 3566 pri·

112 3569 159 3620 IV.
181 3569 215 3622 12
236 3569 303 3631 (26).
324 3573 346 3632 ς,
366 3568 410 3622 83.
437 3568 596 3620 Ammian.
646 3586 716 3618 mum
734 3585 781 3634 per
799 3568 1051 3636 Symplegadas,
1075 3581 1130 3622 turn

112 3637 265 3688 Marcell.
291 3639 378 3691 xxii.
398 3637 425 3700 8,
440 3637 483 3691 41.
520 3637 597 3688 Hanc
647 3641 1130 3706 secundumlittora,inquibusPhi-

112 3711 295 3772 paeninsulam
332 3710 405 3758 multi
441 3709 597 3772 interpretes
646 3711 690 3760 nei
709 3725 819 3773 regnum
838 3721 904 3774 erat,
923 3714 1131 3764 tumsecundum

113 3786 274 3842 putaverunt
299 3778 453 3844 Euripidem
478 3795 535 3828 cunr
558 3781 598 3828 in·
647 3782 748 3830 insulas
778 3783 805 3830 in
841 3785 916 3832 ostiis
949 3783 1012 3834 lstri
1055 3785 1130 3846 sitas,

114 3851 173 3898 stila
185 3849 282 3911 Leuce,
302 3863 379 3911 quam
389 3851 474 3912 ipsam
493 3863 597 3913 quoque
648 3857 702 3900 tum
728 3851 872 3902 secundum
897 3855 967 3902 ostia
990 3854 1079 3916 Tyras
1099 3868 1131 3902 ac

113 3920 264 3968 Achilleam
290 3926 337 3967 aut
356 3919 470 3969 Achillis
496 3933 598 3970 sacram
647 3919 838 3985 Borysthenis,
864 3923 962 3973 deiude
986 3921 1129 3974 secundum

114 3989 213 4038 dictant
239 3990 364 4051 vidimus,
382 3989 543 4051 confudisse,
568 3995 598 4038 ut
647 3993 831 4056 paeninsulam
858 3995 943 4054 illam,
981 4007 1049 4056 quae
1077 3993 1131 4040 iam

114 4071 144 4107 ra
162 4073 226 4108 vera
242 4060 406 4124 posteriores
425 4057 520 4108 Graeci
533 4062 598 4109 scri·
647 4063 758 4124 propior
783 4071 839 4112 erat
864 4078 880 4112 a
907 4070 978 4112 terra
1005 4061 1129 4124 Taurica,

114 4136 217 4192 ptores,
236 4131 281 4194 qui
297 4129 401 4179 fabulas
419 4129 598 4193 potiusquam
649 4131 819 4184 describeret.
859 4133 918 4181 Hoc
939 4131 962 4180 si
982 4129 1130 4191 statuimus,

114 4205 245 4250 terrarum
272 4200 464 4264 descriptiones
494 4201 598 4264 sequuti
648 4199 793 4266 Euripides
806 4200 1002 4265 nonputandns
1013 4205 1053 4248 est
1069 4213 1130 4248 cou-

114 4277 191 4330 aunt,
224 4267 409 4326 confuderunt,
438 4275 598 4334 quapropter
649 4271 749 4322 fudisse
768 4286 836 4336 quae
855 4286 906 4320 uon
926 4275 1001 4318 erant
1019 4269 1129 4320 coniun-
