2790 4774
182 349 198 477 .-
257 374 319 476 ¹0⁰

597 379 918 448 ΕΥΡΙΠΙΔΟΥ

357 545 440 630 δόξω
469 551 503 616 δὲ
530 559 601 626 τοῖς
627 552 789 626 πολλοῖσι,
815 545 1030 635 εεολλοῖ-γάρ
1059 556 1167 630 κακοί,

353 648 501 735 προδούς
526 671 571 718 σεΙ
587 646 758 731 σώζεσθαι
783 646 889 729 αὐτὸς
914 656 960 726 alc
985 650 1098 730 οἴκους
1115 649 1224 740 μόνος

255 747 326 829 680
354 747 375 831 ἢ
403 754 458 818 καὶ
484 747 653 841 φονεύσας
679 755 732 818 ἐπὶ
749 753 895 818 νοσοῦσι
923 748 1052 835 δώμασι

1216 749 1284 812 666

352 848 469 944 ῥάψαι
493 852 604 937 μόρον
630 875 684 920 σοι
709 854 770 932 σῇς
796 855 998 936 τυραννίδος
1021 851 1155 940 luipolt„

352 955 511 1040 ἔγκληρον
536 950 581 1031 ὡς
608 950 648 1034 δὴ
676 948 740 1032 σὴν
765 949 971 1036 κασιγνήτην
997 958 1126 1039 γαμῶν.

350 1053 448 1120 ταῦτ’
480 1044 543 1122 οὖν
569 1056 746 1144 φοβοῦμαι
772 1057 827 1120 καὶ
854 1051 890 1120 δι’
921 1051 1080 1139 αἰσχύνης
1104 1062 1176 1142 ἔγω,

352 1153 436 1223 κούκ
462 1153 540 1222 lru'
573 1153 664 1232 ὅπως
690 1152 731 1222 οὐ
756 1154 820 1240 χρὴ
847 1157 1087 1225 συνεκπνεῦσαί
1111 1163 1151 1241 μέ
1172 1179 1228 1222 σοι

254 1251 325 1332 685
358 1259 414 1323 καὶ
441 1258 657 1348 συσφαγῆναι
683 1259 739 1322 καὶ
766 1258 974 1342 πυρωθῆναι
1001 1258 1110 1342 δέμας,

1214 1251 1282 1316 670

354 1361 455 1451 φύλου
479 1360 607 1441 γεγῶτα
625 1359 690 1422 ναὶ
713 1355 929 1447 φοβούμενον
955 1354 1079 1449 φύγον.

614 1460 675 1526 ΟΡ
683 1460 713 1524 Ε
719 1459 756 1522 Σ
767 1457 850 1525 ’.ῘἩ
853 1459 900 1524 Σ.

309 1613 314 1618 .
351 1552 486 1650 εύφημα
512 1557 633 1650 φώνει·
662 1556 754 1644 τάμὰ
779 1561 828 1626 δεῖ
852 1564 965 1649 φέρειν
990 1555 1095 1627 κακύ·

321 1751 352 1804 V.
372 1752 432 1807 664.
469 1745 752 1818 σοζυσθαιαύτδεθ.
772 1755 992 1818 Hermunuua,
1010 1755 1055 1820 qui
1075 1755 1102 1804 id
1121 1769 1169 1819 per
1188 1756 1279 1807 eraain

211 1856 212 1860 ,
250 1825 478 1889 pronuntiandum
488 1826 603 1888 putarit,
613 1826 690 1876 onina
699 1826 760 1876 vide
774 1829 853 1876 etiam
861 1826 1063 1876 adnotationem
1071 1826 1105 1874 ad
1118 1826 1279 1910 Aeschyli

250 1893 386 1946 Prometh.
400 1893 462 1948 836.
481 1889 599 1954 pellovo'
618 1893 738 1980 ἕσασθαι,
755 1889 781 1944 el
797 1894 877 1946 τοῖνδε
895 1897 1045 1956 προσσαίνει
1064 1894 1093 1943 σέ
1112 1911 1141 1943 τι.
1163 1890 1279 1958 odgeot'

250 1965 327 2017 libri
349 1959 469 2028 προδουυ
492 1959 669 2012 σεσῶσθαί’
647 1980 662 2013 ο
688 1955 770 2014 αύιὸε
788 1965 977 2032 Elmeleiua
996 1979 1074 2029 quem
1094 1963 1277 2014 Kirelrhof·

250 2033 330 2095 iius,
349 2029 469 2098 προδουε
486 2046 523 2091 σο
535 2028 680 2084 uoueret
701 2029 783 2084 αυιοε
801 2035 984 2096 Dobraeua‚
1003 2049 1079 2097 quem
1098 2031 1276 2084 Nauekiua

250 2110 377 2168 aequutua
397 2111 445 2154 eat

321 2171 350 2231 V,
367 2171 428 2226 666.
465 2164 684 2236 ηκαφεδρευσαε
700 2170 945 2224 Lobeelrruaad
964 2167 1049 2234 Soph.
1069 2168 1114 2218 At.
1133 2185 1159 2233 p
1180 2169 1243 2222 311

319 2241 350 2293 V.
369 2241 430 2296 667.
465 2239 592 2305 ἔγκληρον
618 2239 694 2292 Cod.
711 2242 740 2294 C.
760 2244 920 2292 etAldua.
946 2235 1061 2304 ἄκληρον
1086 2253 1179 2302 apogr.
1199 2240 1275 2294 Flor.

249 2327 299 2363 nee
316 2313 350 2364 ad
376 2313 446 2362 hane
470 2312 627 2376 scripturam
652 2327 666 2362 e
689 2310 756 2362 Cod.
777 2311 809 2360 B.
837 2311 983 2377 quidquam
1011 2309 1209 2372 discrepantiae
1227 2311 1276 2361 ad·

249 2481 337 2542 nire,
363 2485 393 2527 ut
419 2482 446 2533 in
474 2476 678 2534 Helena1151
699 2479 734 2530 ad

250 2565 327 2616 quem
346 2549 434 2598 locum
446 2549 507 2600 vide
522 2564 590 2613 quae
605 2550 735 2601 adnotata

231 2625 354 2683 ·auntp.
375 2617 433 2671 144.
454 2617 495 2668 ed.
516 2616 598 2670 Goth.
617 2621 664 2671 alt.

291 2690 322 2741 V.
349 2686 409 2740 665.
437 2683 454 2751 ἢ
481 2688 534 2734 aul
561 2686 735 2751 peraridus

249 2755 312 2821 aad]
341 2757 483 2838 Adaurgit
490 2756 541 2806 hoo
562 2759 621 2807 loeo
641 2759 734 2806 eondi-

248 2828 289 2876 oio
308 2820 483 2890 particulis*
466 2843 482 2890 η
502 2827 550 2882 καί,
569 2833 599 2874 ut
616 2829 643 2876 in
659 2827 733 2910 Med.

247 2897 290 2950 42.
312 2891 393 2978 ἢκαὶ
411 2894 541 2960 ε’ύραυνον
567 2893 613 2944 τόν
638 2911 664 2945 re
686 2893 732 2961 γή-

247 2982 329 3027 μαντα
347 2961 400 3014 ard
408 2983 432 3029 ῃ.
477 2965 625 3016 Permirum
643 2973 731 3016 autem

247 3076 288 3121 est
313 3048 494 3118 Kvldalam
529 3067 599 3117 hune
626 3084 732 3118 versum

247 3139 450 3204 supposititium
478 3137 528 3187 sibi
557 3137 642 3187 rideri
669 3153 732 3202 pro·

245 3210 426 3271 nuntiavisse,
452 3207 524 3271 quod
549 3207 681 3269 φονεῦυαι
707 3214 734 3256 et

245 3276 330 3343 μόρου
343 3273 422 3345 ddum
436 3277 514 3340 plane
527 3276 596 3326 idem
607 3278 649 3326 alt.
669 3277 732 3326 Ete-

245 3351 300 3399 nim
318 3363 372 3400 non
392 3347 477 3398 solnm
496 3346 578 3396 eaede
597 3360 630 3396 ae
650 3346 731 3396 truel-

245 3420 353 3468 datione
374 3424 480 3480 poterat
500 3413 609 3466 Oreatea
632 3417 732 3474 dirimi,

244 3501 336 3536 verum
355 3489 435 3536 etiam
454 3485 562 3534 fraude·
576 3492 656 3549 atque
680 3485 729 3536 fal·

244 3556 321 3605 laoiia
338 3555 365 3603 in
383 3555 529 3619 perniciem
546 3555 645 3604 indual.

278 3655 348 3705 Ibid.
363 3653 414 3704 ἐπὶ
432 3653 575 3704 νοσοῦσι
594 3651 728 3722 δώμασι]

244 3726 316 3791 quod
335 3723 429 3774 domus
447 3723 494 3773 illa
516 3724 667 3774 calamitate
689 3727 728 3775 la·

243 3795 356 3844 borabat
374 3800 401 3843 et
417 3793 489 3841 virili
501 3794 631 3856 progenie
650 3795 729 3856 plane

244 3871 302 3915 erat
321 3864 389 3913 orba
407 3858 548 3912 interfecto
567 3861 675 3920 Oreste,
699 3871 729 3913 ut

243 3935 322 3986 facile
340 3933 455 3997 Pyladea
474 3945 561 3980 rerum
579 3933 661 3995 potiri
680 3949 727 3998 po-

243 4007 328 4056 tuisse
350 4005 494 4053 videretur.
519 4001 590 4050 conf.
612 4001 728 4053 intrav.

243 4075 303 4130 909.
320 4071 381 4127 964.
417 4070 596 4136 Opponuutur
613 4071 685 4122 infra
702 4091 728 4124 r.

243 4143 303 4199 678.
325 4139 360 4194 ού
377 4142 510 4191 νοσοῦντα
527 4138 653 4205 μέλαθρα.

277 4213 382 4268 6667.
402 4210 727 4278 ἔγκληρον-γαμῶν]

128 4347 135 4358 .
177 4345 181 4360 .
242 4281 303 4334 lloe
320 4283 407 4347 ipsum
426 4288 474 4346 eat,
490 4281 661 4346 quamobrem
673 4281 729 4332 Eu-

784 2477 885 2544 ripides
912 2480 940 2528 in
966 2480 1017 2529 hae
1044 2477 1151 2542 quidem
1181 2478 1276 2529 fabula

784 2565 864 2598 unam
886 2549 1097 2613 Agamemnonis
1115 2547 1199 2596 filiam
1212 2549 1275 2598 Ele·

785 2625 868 2669 etram
888 2633 946 2668 esse
964 2619 1065 2682 fingere
1077 2616 1200 2691 debebat,
1221 2633 1276 2681 qua

785 2689 859 2738 dere
873 2688 950 2736 dixi
943 2701 970 2736 rn
982 2679 1156 2751 prooemiop.
1172 2687 1198 2740 7.
1210 2689 1274 2736 adn.

786 2757 926 2808 Sententia
944 2765 1031 2806 antem
1050 2769 1143 2804 versut
1154 2757 1189 2804 ad
1203 2757 1276 2806 hune

784 2828 873 2876 loeuur
890 2828 1004 2876 maxime
1022 2826 1120 2874 idonea
1132 2825 1200 2874 haee
1219 2833 1274 2876 eat.

784 2897 910 2960 quippe
929 2897 983 2960 qui
1004 2894 1275 2958 heredem(regul)

782 2971 869 3014 tuam
889 2979 1026 3014 uxorem
1054 2965 1087 3012 in
1106 2965 1274 3014 matrimo-

783 3035 840 3083 nio
859 3035 1007 3084 habeam.
1031 3033 1070 3083 De
1088 3038 1178 3096 γαμεῖν
1197 3035 1273 3083 verbi

781 3110 916 3167 potestate
934 3110 1007 3154 reete
1025 3102 1148 3153 adhibuit
1158 3104 1273 3154 similem

783 3173 871 3222 loeuru
904 3171 1113 3234 Sehoeuiua,
1147 3187 1203 3222 uon
1238 3187 1273 3223 ex

782 3241 936 3292 Helenae
961 3243 1081 3306 quidem
1105 3243 1272 3305 utipsedl-

781 3312 835 3369 xit,
866 3312 913 3361 aed
941 3327 974 3361 ex
993 3311 1138 3398 Troadum
1167 3327 1192 3360 r.
1218 3311 1273 3364 963

781 3395 851 3464 aqq..
868 3380 915 3447 βίᾳ
940 3375 1002 3429 δ’
985 3401 999 3429 ο
1026 3373 1164 3440 καευὸεμ’
1191 3369 1274 3429 orirer

781 3444 901 3512 aperiunt
919 3446 998 3500 adora
1011 3447 1159 3514 Δηΐφοβον
1172 3445 1273 3532 αλοχογ
1381 3507 1382 3510 ρ

781 3513 1123 3672 Ξῖ6”.ἶ”όέἑὲἕ.6ξ.”γῗῗ
1149 3509 1273 3674 6666

780 3653 857 3717 πύον,
885 3655 960 3722 Πρὸυ
983 3672 1032 3707 σου
1057 3651 1215 3715 δεναίᾎων
1201 3674 1234 3722 ην
1254 3675 1270 3707 0

778 3726 826 3790 μὲν
843 3727 890 3794 βίᾳ
908 3732 1002 3812 γαμεῖ
1001 3725 1050 3780 ησύ.

816 3797 845 3846 V
873 3779 933 3849 ola.
968 3791 1048 3857 τάμὰ
1074 3794 1270 3863 δεῖφέρσεν

778 3862 862 3930 κακὰ]
901 3865 981 3924 Quod
1000 3864 1031 3926 μὲ
1048 3881 1197 3930 pronomen
1217 3869 1268 3917 ad·
1275 3885 1279 3892 ·

779 3935 806 3984 di
816 3936 1059 4002 voluerunteritiei,
1066 3935 1269 3987 reeteSehoe·
1281 3983 1284 3992 ,

779 4005 857 4054 uiua
877 4006 942 4054 dioit
960 4019 1108 4068 pronomen
1120 3999 1186 4088 adua
1180 4001 1269 4056 effe·

777 4074 889 4123 rendum
913 4089 978 4124 roae
1000 4089 1072 4129 οεεο
1098 4077 1199 4140 quippe
1222 4078 1269 4126 eui

778 4150 931 4208 opponatur
955 4157 1014 4194 rora
1033 4144 1167 4209 Pyladea,
1187 4159 1269 4208 quam

778 4213 902 4262 miseram
919 4211 978 4262 lieri
997 4227 1052 4262 uon
1072 4215 1128 4262 volt
1145 4211 1269 4276 Orestes,

778 4281 805 4332 id
829 4282 902 4345 quod
921 4295 963 4345 eo,
984 4283 1029 4346 qul
1050 4284 1171 4348 sequitur
1184 4297 1268 4334 varan
