2784 4776
272 394 533 462 ΙΨΙΓΕΝΕΙΑ
558 397 597 462 Η
620 397 687 461 ΕΝ
714 396 940 466 ΤΛΥΡΟΙΣ.
1068 394 1109 461 83

458 564 602 632 ΟΡΕΣ
613 567 743 632 ΤΗΣ.

191 664 235 743 ὡς
260 660 387 752 μήποτ’
420 660 550 755 ὤφελόν
575 692 610 750 ys
635 666 715 752 μηδ’
745 665 825 736 ὶδών
851 666 948 759 ὄναρ.

342 836 344 844 ,
420 770 749 852 ΙψΙΓΕΝΕΙΑ.

192 873 296 957 φασίν
322 891 376 937 νιν
402 867 512 937 οὐκέτ’
545 860 652 936 οὖσαν
677 869 834 956 οἴχεσθαι
859 875 944 961 δορί.
1011 876 1013 880 ’

458 970 604 1037 ΟΡΕΣ
614 973 742 1041 ΤΗΣ.

91 1064 166 1140 520
193 1074 282 1137 ἔστιν
307 1067 373 1158 γὰρ
400 1068 506 1149 οὕτως
530 1070 606 1139 ὀὐδ’
636 1069 779 1158 ἄκραντ’
808 1071 984 1154 ἠκούσατε.
1047 1068 1109 1134 505
1157 1099 1160 1114 ·

426 1176 447 1240 Ι
456 1175 519 1241 ‘DI
526 1177 559 1241 Γ
562 1177 635 1240 ΕΝ
643 1176 701 1242 ΕΙ
708 1177 751 1240 Α.

189 1269 301 1354 Ἑλένη
328 1271 358 1339 d'
388 1271 532 1366 ἀφῖκται
557 1278 651 1358 δῶμα
679 1279 827 1343 Μενέλεω
855 1273 978 1358 πάλης

457 1377 600 1444 ΟΡΕΣ
610 1377 736 1444 ΤΗΣ.

195 1471 276 1556 ἥκει,
301 1478 410 1554 κακῶς
434 1477 467 1560 γ’
497 1481 651 1546 ἐλθοῦσα
676 1482 743 1544 τῶν
770 1481 858 1565 ἐμῶν
884 1502 959 1547 τινι,

436 1582 755 1648 ΙΦΙΓΕΝΕΙΑ.

197 1681 251 1745 καὶ
277 1681 344 1747 ποῦ
368 1677 451 1764 ’στις
487 1679 588 1767 κάμοὶ
616 1681 681 1766 γάρ
708 1707 740 1747 τι
772 1681 963 1773 προύφείλω
998 1681 1112 1750 κακόν.
1170 1679 1173 1686 ’

92 1981 263 2048 scripsimus:
282 1980 347 2048 seipsi
359 1987 406 2034 seir
419 1983 482 2052 ἐροῦ
495 1985 524 2034 τί
533 1983 581 2033 nd-

92 2070 155 2116 σχω.
179 2053 214 2100 V.
234 2052 325 2105 Rost.
349 2068 387 2118 gr.
412 2054 459 2105 Gr.
485 2059 510 2118 ξ.
538 2054 581 2108 84.

93 2139 119 2187 p.
146 2120 208 2175 284.
234 2121 276 2172 ed.
300 2129 367 2187 sept.
408 2123 583 2188 Quamqusnr,

93 2193 114 2242 si
125 2191 312 2244 auctoritatem
323 2193 481 2256 optimorum
492 2198 582 2259 gruru-

93 2263 254 2312 rnutieorum
266 2263 408 2324 sequimur,
419 2264 527 2328 ῐρτσθαι
537 2281 584 2329 po·

94 2334 149 2383 tius
164 2337 192 2381 et
202 2331 262 2394 Ιρου
274 2346 349 2396 quem
360 2331 469 2394 inludat
482 2340 509 2384 et
519 2333 584 2398 leno*

95 2401 265 2451 scribendum
288 2416 347 2452 esse
366 2401 480 2452 videtur.
517 2401 586 2452 Nem

97 2486 257 2534 quamquem
282 2469 426 2536 Etymol.
445 2470 584 2524 Gudinn.

100 2556 121 2589 s.
138 2556 162 2594 v.
184 2543 330 2588 πυθέσθαι
354 2541 448 2602 probut
466 2543 585 2606 ἐρέσθαι,

99 2619 187 2662 temen
214 2608 430 2659 Helodiunus
450 2612 477 2662 in
497 2611 585 2662 Schol.

100 2680 195 2730 Venet.
229 2679 258 2727 ΙΙ.
287 2678 358 2728 XVI.
393 2680 436 2732 47.
475 2681 585 2742 insudas

97 2749 188 2815 (Ῑρου)
206 2747 370 2798 scribendum
396 2765 454 2798 esse
472 2750 582 2800 adsene-

97 2825 150 2879 rot‚
170 2831 248 2882 quem
269 2817 432 2882 sequendum
453 2835 512 2868 esse
530 2820 584 2870 iure

98 2887 162 2939 mihi
194 2885 298 2937 videtur
330 2887 520 2938 existimatisne
549 2889 584 2940 K.

101 2955 208 3008 Lehrs
239 2955 272 3005 de
297 2958 487 3009 Aristarchi
518 2965 585 3009 stu·

100 3029 168 3078 diis
203 3025 390 3078 Homericis
419 3045 443 3092 p.
472 3025 523 3080 263
546 3044 585 3092 sq.

100 3095 170 3147 corni.
198 3095 276 3145 etium
303 3095 333 3146 C.
359 3094 539 3161 Goettling
561 3099 585 3148 iu

102 3167 169 3217 libro
194 3164 228 3214 de
254 3163 371 3215 doctrino
396 3167 517 3218 universa
541 3182 587 3217 so-

102 3241 196 3288 centus
225 3233 346 3286 Graecae
370 3235 477 3300 linguae
501 3235 583 3302 (dll-

102 3319 184 3370 gem.
222 3302 329 3354 Lehre
366 3319 433 3356 vom
465 3307 588 3356 decent

103 3375 164 3424 der
183 3371 309 3437 grieoh.
323 3372 520 3438 Spuehdp.
534 3373 587 3437 58.‚

103 3443 145 3508 qui
163 3450 237 3493 certe
257 3441 291 3492 de
307 3442 390 3498 formu
410 3446 519 3510 ἔρεσθαι
537 3459 588 3494 non

104 3509 287 3574 denegandum
325 3515 437 3577 putavit.
485 3513 587 3564 intereo

103 3597 152 3647 ego
185 3583 315 3646 vulgatum
343 3583 512 3649 scriptione·
545 3599 588 3634 se-

103 3657 201 3717 quutus
221 3666 288 3700 sum.

140 3721 169 3769 V.
200 3720 262 3774 502·
303 3719 427 3786 Τροίαν
457 3722 535 3779 ἴσως
557 3749 591 3758 -

105 3788 223 3856 λόγος]
257 3789 332 3840 Haec
359 3793 437 3840 verbu
461 3792 495 3842 its
519 3790 593 3855 ponit

105 3859 261 3926 iphigenia,
286 3863 317 3909 ut
336 3876 367 3910 ex
386 3861 483 3911 Oreste
502 3861 591 3910 erudire

105 3929 171 3980 velit
201 3937 323 3980 utrumne
351 3930 454 3979 noverit
485 3929 591 3979 Troiam

105 4014 204 4060 necne,
244 3999 335 4062 itaque
365 3997 414 4050 hoc
443 4015 526 4062 geniis
553 4001 591 4050 lo·

105 4067 203 4133 queudi
236 4066 269 4117 ad
300 4069 518 4134 interrogativum
549 4085 593 4118 ee-

105 4137 187 4190 cedit.
206 4136 293 4188 Recte
313 4138 372 4188 mihi
393 4144 479 4188 temen
499 4137 536 4188 illi
556 4138 594 4188 ie·

106 4207 177 4258 cisse
196 4205 330 4266 videntur,
356 4209 399 4272 qui
418 4205 594 4272 interrogandi

107 4278 212 4342 signum
240 4277 400 4340 omiserunt,
429 4293 595 4342 utrumquem,

109 4347 188 4398 etism
209 4343 231 4395 si
250 4353 325 4397 recte
343 4355 370 4398 et
388 4347 538 4416 εἰρωνικῶς,
556 4353 595 4397 ts·

633 1998 692 2037 meo
727 1999 789 2036 vere
824 1983 968 2050 respondet
994 1981 1113 2034 Orestes.

633 2055 733 2106 Eodem
751 2069 830 2106 conisa
850 2062 892 2106 est
910 2071 933 2106 v.
952 2051 1011 2107 504.
1048 2050 1114 2104 Nous

634 2125 713 2176 etism
731 2125 768 2174 ibi
786 2125 885 2176 elicitur
909 2141 941 2176 ex
959 2123 1055 2174 Oreste
1072 2137 1114 2174 re·

633 2209 771 2260 sponsum.

670 2266 702 2314 V.
727 2264 786 2318 505.
834 2261 915 2312 οὐδ’
952 2258 1112 2330 ἄκραντ’

635 2330 814 2398 ἠκούσατε]
843 2337 875 2382 et
895 2348 1012 2382 revere
1030 2331 1114 2383 fautu

636 2411 715 2453 sunt
745 2419 828 2465 quse
854 2403 1006 2453 audistis.
1038 2400 1115 2452 Coni.

639 2472 730 2524 ileech.
746 2472 814 2526 1223
833 2489 871 2537 sin.
890 2471 937 2536 τὴν
956 2470 981 2522 d'
1002 2469 1060 2521 sind
1076 2473 1115 2530 τίς

634 2559 682 2607 μοι
712 2542 790 2606 δεῦρο
816 2543 927 2607 βακχείῳ
951 2539 1014 2590 nodi
1036 2541 1114 2590 Στει-

633 2629 690 2673 χτιν
718 2609 849 2676 Ἀγαύην,
879 2609 952 2661 ov’d'
976 2609 1113 2678 ἄκραντ’

635 2678 832 2748 ἠκούσαμεν.

672 2784 702 2832 l'.
720 2785 780 2838 607.
816 2783 921 2839 κακῶς
946 2781 972 2846 γ’
997 2782 1115 2832 ildon-

636 2873 674 2904 σα
692 2855 755 2903 τῶν
773 2855 855 2916 ἐμῶν
874 2853 955 2917 τιτι]
979 2855 1116 2918 Aenigma-

636 2926 687 2974 tice
708 2926 831 2987 loquutus
851 2929 905 2985 est,
930 2929 958 2972 ut
982 2923 1039 2984 ipse
1059 2935 1116 2972 rnr-

637 3009 682 3042 sus
701 2993 800 3042 inlrnv.
817 2991 876 3046 533.
897 2989 1002 3054 τέθνηχ’
1022 2988 1036 3040 ὁ
1056 2989 1117 3054 τλή-

637 3081 705 3127 μων,
722 3060 789 3128 πρὸς
808 3060 833 3110 d'
859 3059 986 3111 dedisses
1004 3077 1071 3112 τινα.
1091 3065 1117 3110 ot

637 3135 662 3180 iu
705 3129 882 3194 Sophoclis
926 3129 1015 3193 Aulis.
1057 3128 1117 3184 728.

638 3203 772 3252 Haemon:
799 3199 842 3262 ἧδ’
866 3191 914 3248 οὖν
932 3199 1055 3248 θανεῖται
1075 3197 1119 3247 καὶ

637 3261 756 3320 θατοῦσ’
775 3265 831 3317 ὀλεῖ
851 3285 923 3318 sesa..
942 3269 979 3318 Ut
999 3268 1032 3316 ihi
1048 3267 1118 3320 Hoe-

638 3355 712 3400 mon,
739 3339 778 3386 sle
797 3335 837 3386 hic
856 3337 934 3386 etiem
954 3337 1065 3387 Orestes
1085 3353 1119 3389 se

639 3408 710 3458 dicit.
739 3408 819 3457 Falso
831 3407 1041 3457 existimauerunt
1060 3405 1119 3458 Bo·

639 3476 733 3529 thius
753 3483 780 3526 et
798 3475 978 3526 Schoenius
1000 3476 1033 3526 ah
1051 3475 1119 3528 Ore·

639 3555 680 3597 ste
730 3546 841 3610 intelligi
884 3547 1119 3609 Agamemnonem.

639 3615 704 3668 Num
725 3623 819 3666 octavo
843 3613 947 3666 demum
973 3631 1041 3666 nuno
1060 3626 1121 3683 post

643 3684 846 3750 Agamemnonis
867 3685 973 3736 caedem
986 3687 1065 3737 Trois
1077 3702 1120 3738 re-

642 3756 690 3806 diit
708 3757 844 3807 Menelaus
863 3771 920 3806 cum
934 3755 1043 3806 Helena.
1072 3758 1120 3806 Vi·

643 3827 675 3878 de
705 3825 843 3876 Homeri
876 3825 971 3888 Odyss.
1001 3826 1044 3876 lli.
1068 3825 1121 3879 303

643 3911 698 3961 sqq.
723 3902 750 3945 et
772 3910 839 3959 qune
864 3892 973 3946 diximus
997 3907 1078 3959 nttper
1095 3897 1120 3942 in

644 3965 780 4032 prooemio
798 3965 886 4015 Orest.
908 3980 932 4028 p.
951 3963 975 4017 8.
989 3963 1029 4016 ed.
1042 3963 1120 4016 Goth.

681 4067 790 4122 v.508.
831 4064 950 4130 κᾶμοὶ
980 4064 1050 4133 γάρ
1086 4085 1123 4114 rs

644 4135 841 4203 προῦφείλτι
876 4133 989 4198 κακόν]
1022 4152 1122 4196 προο-

645 4209 750 4271 φετλει
768 4205 831 4256 dicit
843 4203 875 4253 de
893 4221 932 4265 se,
948 4203 1017 4268 qood
1037 4205 1124 4269 priore

646 4277 750 4340 uiridem
773 4283 891 4337 tempore
915 4271 978 4322 haec
997 4275 1070 4339 culpe
1090 4278 1124 4327 sb

648 4345 747 4398 Helene
770 4348 904 4394 contrecta
923 4348 979 4393 eret
998 4343 1100 4396 Aulide.

863 4427 924 4488 62
