2736 4780
251 321 270 382 8
603 313 912 382 PROOEMIUM.

332 478 379 551 Ἢ
402 483 463 550 οὐκ
485 484 579 589 όέεὶιςζ
602 483 678 552 οἷον
701 488 796 564 κλέος
817 487 935 569 έλλαβε
959 488 1038 564 δῖος
1063 487 1247 571 Ὀρέστης
1335 483 1342 498 ”

336 569 464 645 πάντας
485 576 524 634 ὲπ
559 569 778 656 αυθρόπους,
807 574 876 636 ἐπεὶ
900 573 1016 637 έκτανε
1051 574 1310 660 πατροφονῆα,

238 739 241 751 Ι
336 654 513 738 Α’έγισθον
535 651 729 740 δολόμητιν,
752 653 792 731 ὅς
813 660 845 721 οἱ
868 661 998 742 πατέρα
1030 657 1178 722 κλυτόν
1203 653 1305 739 ἔκτα,

256 826 296 891 cl.
323 825 379 892 lib.
401 824 474 925 Ill,
502 827 572 924 1955.
595 845 668 972 qu.
692 825 764 890 203.
786 847 874 910 sqq.‚
898 819 1011 892 verum
1050 827 1166 926 etiarn
1191 829 1229 929 in
1255 851 1307 896 eu-

255 909 329 976 dem
353 933 495 976 carmine
524 910 587 976 lrb.
637 909 685 994 ΙΙ,
715 912 778 976 303
807 933 879 996 sqq.
911 912 1010 998 paulo
1048 934 1246 999 coprosrus
1269 912 1307 976 de

255 997 326 1062 eius
347 997 495 1062 lacinore
514 996 688 1080 exponitur
711 995 762 1061 his
784 997 909 1063 verbis:

341 1164 464 1255 Τόφρα
486 1168 521 1230 δέ
544 1163 638 1230 ταῦτ’
653 1165 828 1248 Αἴγισθος
849 1163 996 1250 ἐμήσατο
1014 1167 1156 1232 οἴκοθι
1175 1162 1300 1254 λυγρό,

338 1258 467 1327 κτείνας
487 1249 672 1337 Ἀτρείδην·
696 1252 842 1334 δέδμητο
866 1254 901 1317 δὲ
922 1248 1005 1328 λαός
1026 1251 1096 1318 ὑπ’
1128 1251 1243 1335 αὐτῷ.

337 1333 489 1412 ἑπτάετες
511 1335 537 1400 δ
560 1331 683 1416 ἤνασσε
705 1333 929 1424 πολυχρύσοιο
949 1333 1147 1417 Μυκήνης·

336 1423 385 1504 τῴ
406 1423 443 1486 δέ
467 1425 500 1486 οἱ
523 1417 676 1506 ὀγδοάτῳ
700 1419 806 1492 κακὸν
827 1417 936 1501 ἤλυθε
959 1423 1030 1499 δέος
1061 1422 1244 1510 Ὀρέστης

336 1501 390 1596 ἂψ
408 1505 469 1571 ’ἀπ’
491 1504 695 1589 Ἀθηναίων,
720 1503 804 1571 κατὰ
824 1505 849 1572 δ
875 1509 990 1573 sarava
1011 1509 1271 1596 πατροφονῆα,

341 1592 518 1675 Αἴγισθον
539 1589 732 1675 δολόμητιν,
756 1591 794 1670 ὅς
816 1597 850 1658 οἱ
872 1599 1000 1698 πατέρα
1024 1591 1161 1658 κλυτόν
1184 1596 1276 1658 ἕκτα.

341 1673 417 1757 ἤτοι
441 1675 458 1742 ό
482 1673 542 1742 τὸν
565 1681 693 1753 κτείνας
715 1679 812 1743 δαίνυ
834 1673 947 1766 scirpos
968 1680 1179 1765 Αργεέοισιν

338 1758 468 1850 μητρός
488 1786 523 1826 τε
546 1766 704 1869 στυγερῆς
727 1767 782 1830 καὶ
804 1759 984 1840 ἀνάλκιδος
1006 1766 1234 1851 Αἰγίσθοιο·

341 1847 496 1935 αὐτῆμαρ
519 1850 555 1912 δέ
579 1852 612 1913 οἰ
634 1851 726 1927 ηλθε
748 1845 836 1932 βοὴν
857 1845 994 1934 ἀγαθός
1016 1851 1219 1923 Μενέλαος,

341 1933 448 2000 πολλοὶ
471 1929 607 2018 κτήματ’
632 1930 733 2017 ἄγαν,
756 1932 821 1999 όσα
845 1939 877 1999 οἱ
900 1937 971 2010 νέες
993 1930 1114 2020 ἄχθος
1138 1929 1279 2020 ἄειραν,

258 2113 382 2197 quibus
402 2134 420 2176 e
444 2111 552 2176 verbis
575 2109 657 2174 haec
675 2110 918 2196 cognoscimus,
942 2119 1069 2196 septem
1085 2132 1199 2176 annos
1221 2115 1295 2193 post

258 2197 408 2270 caedem,
430 2194 689 2281 Agamemnonis
729 2207 887 2281 regnasse
922 2195 1144 2280 Aegisthum,
1176 2203 1294 2264 octavo

259 2291 368 2346 autem
391 2303 495 2364 enno,
524 2288 740 2430 posteappam
767 2281 795 2345 is
820 2280 1037 2368 Mycenarum
1068 2305 1085 2346 r
1133 2304 1180 2346 no
1211 2275 1294 2366 poti-

259 2377 314 2431 tus
344 2373 449 2449 esset,
481 2365 612 2430 venisse
676 2373 796 2429 restem
828 2375 860 2430 et
896 2366 1027 2432 venisse
1066 2370 1117 2432 At
1143 2365 1235 2446 cuis,
1258 2369 1293 2424 ut

260 2452 363 2538 petris
387 2451 631 2520 interfectorem
653 2437 857 2534 matremque
889 2450 1081 2518 sceleratam
1107 2441 1292 2526 occideret,
1325 2453 1328 2462 ’

262 2537 460 2622 epulumque
491 2537 526 2600 in
554 2536 668 2602 funere
698 2535 812 2612 metris
842 2546 876 2602 et
904 2535 1062 2622 Aegisthi
1093 2534 1291 2622 praebuisse

260 2622 399 2721 Argivis
431 2644 470 2686 eo
493 2621 567 2706 ipso
597 2620 668 2706 die,
699 2645 764 2706 quo
801 2620 975 2688 Menelaus
1005 2644 1079 2688 cum
1112 2620 1230 2686 multis
1261 2623 1292 2680 et

260 2729 388 2794 magnis
412 2707 529 2796 opibus
552 2705 652 2770 Troia
683 2706 827 2772 redierit.
872 2707 932 2772 Ex·
948 2706 1012 2772 elio
1035 2717 1151 2772 autern
1182 2703 1289 2788 Odys·
1341 2761 1342 2780 y

262 2815 336 2860 scae
362 2793 448 2876 loco,
472 2793 529 2876 qui
557 2791 681 2878 legitur
709 2792 772 2858 lib.
802 2792 831 2875 I,
863 2795 917 2858 40.
942 2813 1005 2876 sq.,
1029 2793 1131 2856 etiarn
1155 2791 1221 2856 hoo
1242 2789 1289 2851 in·

222 2959 226 2968 x
261 2879 453 2964 telligimus‚
479 2877 643 2960 Orestem,
659 2899 759 2961 quum
783 2878 922 2963 primum
939 2879 1150 2964 pubesceret,
1175 2875 1287 2953 idest,

261 2963 379 3051 viginti
396 2965 468 3068 lere
491 2983 595 3027 anuos
618 2971 741 3047 natum,
765 2965 903 3028 mortem
925 2965 1030 3050 patris
1051 2963 1161 3028 ultum
1186 2981 1266 3026 esse.

347 3125 442 3190 Haec
471 3124 539 3188 fere
568 3132 664 3206 sunt,
700 3148 785 3208 quus
807 3126 842 3190 in
872 3124 1058 3190 Homericis
1086 3121 1285 3190 carminibus
1341 3141 1342 3168 ι

244 3212 303 3280 ’δε
334 3209 464 3276 Oreste
483 3208 607 3275 tradite
633 3209 784 3297 legimus,
821 3211 856 3274 in
879 3211 999 3294 quibus
1029 3209 1120 3295 quod
1142 3207 1225 3274 nihil
1248 3202 1286 3267 de
1341 3223 1342 3228 ¹

264 3296 388 3363 scelere
416 3295 591 3362 matricidii
622 3295 761 3378 dicitur,
791 3311 930 3380 apparet
951 3297 1157 3382 temporibus
1180 3291 1292 3358 heroi·
1341 3333 1342 3340 ι

264 3382 311 3446 cis
341 3381 523 3448 ulciscendi
552 3381 656 3467 petris
687 3379 832 3446 studium
860 3403 902 3445 ne
924 3382 959 3446 in
981 3381 1131 3447 necanda
1146 3375 1284 3464 'quidem

262 3474 367 3532 matre
394 3465 464 3530 filio
495 3467 673 3550 opprobrio
702 3466 814 3532 datum
844 3488 938 3548 esse,
970 3488 1035 3551 qua
1065 3465 1106 3530 de
1121 3487 1171 3530 re
1199 3466 1284 3554 recte
1341 3493 1342 3550 j

263 3549 461 3614 iudicavisse
489 3549 621 3614 videtur
653 3551 993 3617 Trehndorffius
1031 3553 1064 3616 in
1096 3551 1198 3632 libro,
1229 3564 1282 3642 qul
1341 3563 1342 3566 ’

263 3635 474 3700 inscribitur:
504 3634 648 3700 Ueber
670 3635 854 3702 Orestes
876 3635 952 3700 der
981 3637 1095 3702 alten
1126 3637 1282 3716 Tragi·
1341 3631 1342 3680 1

211 3723 215 3732 “
263 3720 337 3786 ker
358 3717 681 3784 u.Hemletdes
712 3719 1004 3806 Shskspeere,
1029 3719 1153 3806 (Berol.
1182 3715 1279 3807 1833.)
1341 3799 1342 3804 ἵ

264 3829 297 3906 p.
309 3807 351 3886 5.,
366 3826 464 3886 quem
477 3803 655 3889 appellavit
669 3805 813 3871 Ioann.
836 3805 1044 3872 Francius
1067 3806 1101 3873 in
1116 3806 1212 3883 libro,
1229 3817 1280 3882 qul
1341 3821 1342 3838 ¹

264 3888 443 3972 inscriptus
456 3899 524 3954 osu
547 3890 630 3956 Des
652 3891 894 3979 Aeschylos
917 3891 1126 3958 Oresteie
1147 3901 1180 3974 p·
1202 3881 1277 3950 XX·
1341 3887 1342 3958 l

149 4008 156 4024 ι
265 3975 341 4039 adn.
375 3976 426 4039 θέε.
456 3984 610 4060 recteque
637 3975 699 4040 Fr.
736 3975 988 4044 Welckerus
1018 3982 1146 4042 contre¹
1173 3970 1210 4038 O.
1239 3964 1277 4032 O·

267 4059 521 4142 Miillerum,
578 4063 611 4125 ui
642 4059 683 4132 ad
707 4061 865 4150 Aeschyli
898 4063 1036 4130 Eumen.
1062 4087 1093 4150 p.
1118 4062 1186 4128 177,
1207 4075 1278 4120 con·
1341 4061 1342 4090 ³

265 4145 414 4216 tenderat
442 4145 508 4210 iam
569 4169 682 4211 omero
712 4145 811 4218 furies
842 4145 971 4216 Orestis
1001 4147 1150 4233 cognitus
1174 4140 1276 4250 fuisse,
