2744 4764
425 311 450 372 ί)
463 309 572 410 ΡΗΣ
583 310 702 376 ΤΗΣ.

94 570 101 583 .
150 490 273 572 θηρῶν
299 483 317 553 ὃ
344 485 465 564 πάντες
492 485 573 554 κούκ
599 483 658 566 ἐγώ
688 490 772 568 ζητῶ
797 486 911 572 μόνος.

485 589 686 654 ΧΟΡΟΣ.
874 578 876 587 ’

150 689 240 773 adyti
270 689 294 755 σ’
325 692 479 774 ἱκνοῦμαι
505 695 558 758 καί
585 686 667 774 γυνή
695 713 754 772 περ
781 679 846 756 ur’rc'
875 681 965 772 ὅμως
1028 701 1098 786 68οΙ

151 805 220 868 τοῖς
247 795 448 874 δεομένοισιν
473 789 628 878 ὠφελεῖν·
655 787 727 866 οἶός
753 814 786 858 re
813 790 843 856 δ’
875 791 911 858 εἶ.

420 893 747 984 ΜΕΝΕΛΑΟΣ.

148 992 286 1078 Ὀρέστ’,
311 992 372 1076 ἐγώ
398 1019 452 1062 τοι
478 991 539 1060 σὸν
565 991 786 1076 καταιδοῦμαι
813 991 902 1076 κοίμα

151 1099 207 1159 καί
231 1095 443 1177 ξυμπονῆσαι
467 1105 538 1170 σοῖς
563 1105 693 1160 κακοῖσι
720 1095 904 1178 βούλομαι·

154 1199 206 1260 καὶ
230 1197 294 1280 χρὴ
322 1194 385 1280 γὰρ
413 1191 502 1262 οὕτω
528 1199 594 1260 τῶν
620 1191 813 1282 ὁμαιμόνων
838 1191 945 1262 κακὰ,

150 1299 401 1380 συνεκκομίζειν,
427 1297 568 1378 δύναμιν
595 1291 636 1374 ἣν
660 1299 738 1378 διδῷ
764 1295 861 1374 Ιθεός,

1025 1309 1087 1372 685

147 1395 345 1477 θνήσκοντα
374 1403 427 1464 καὶ
453 1403 625 1465 κτείνοντα
653 1400 731 1472 τοῦς
756 1403 945 1476 ἐναντίους·

146 1646 178 1693 V.
201 1643 260 1699 681.
299 1641 354 1694 οἶδε
373 1640 440 1694 red*
458 1639 483 1694 εί
499 1662 564 1695 corr.
585 1650 610 1695 iu
632 1641 725 1696 oidtr'
745 1645 821 1696 idaia
839 1664 916 1699 maun
938 1649 982 1700 ait.
995 1650 1085 1714 (marg.

81 1711 145 1764 door
164 1713 232 1764 ταδ’
251 1707 338 1776 τί)Β.

145 1786 177 1834 V.
197 1783 258 1837 682
294 1780 322 1832 τὸ
343 1783 429 1833 σὸνΒ

144 1853 257 1908 V-684
294 1854 391 1917 zete-

146 1927 173 1978 V
193 1923 254 1976 685.
291 1925 483 1973 Grammaticus
507 1925 534 1972 in
552 1923 695 1974 Bekkeri
720 1924 811 1974 anecd.
838 1922 932 1990 111.p
937 1924 1036 1980 ,1057
1056 1927 1086 1974 cl.

78 1993 230 2043 Crumeri
251 1989 343 2042 anecd.
364 1991 448 2042 Oxou.
472 1993 515 2041 iV.
534 2009 558 2056 p.
577 1992 637 2046 391

146 2063 174 2112 V.
194 2062 254 2116 686.
290 2079 429 2112 κτεινσν-τα
440 2061 480 2110 καί
499 2060 689 2126 terramala
719 2062 1087 2120 G.Hermanuoantebii-

79 2133 184 2182 ciendna
204 2147 298 2182 versus
316 2140 362 2181 eut
379 2131 547 2182 scribendum
557 2127 725 2197 dvricncvr'*
709 2151 741 2180 αν
759 2129 776 2197 ἢ
795 2135 925 2180 κτείνοντα
938 2133 1022 2182 visum
1039 2139 1087 2182 est.

82 2187 188 2252 Versum
208 2212 359 2266 suspectum
376 2202 470 2254 habuit
489 2201 672 2270 Nuuekius
705 2204 769 2252 Vide
788 2205 848 2252 adn
868 2210 967 2264 exeget.

78 2423 169 2473 σοσθαι
188 2419 335 2488 προσδοκῶ.

110 2495 140 2544 V.
160 2495 268 2578 67555.
294 2489 557 2556 ποτωμένηνψυ-

76 2561 131 2626 χὴν
154 2557 235 2628 νπὲρ
259 2563 335 2627 σοῦ]
363 2563 444 2614 Recte
468 2564 558 2612 existi·

77 2635 156 2684 mavit
184 2633 370 2697 Portunus,
401 2632 472 2698 qnod
502 2635 558 2683 lan-

77 2702 262 2754 dausStatii
281 2702 366 2751 Theb
381 2701 479 2760 6173.
499 2718 556 2752 ma·

79 2781 224 2838 tremque
243 2787 359 2822 reeens
378 2774 557 2821 circumvo-

79 2843 119 2892 lat
136 2843 267 2902 umbra,
277 2843 315 2891 ait
332 2842 366 2890 ad
384 2833 478 2890 hnuc'
472 2855 557 2905 ipsum

79 2913 159 2962 locum
186 2913 320 2976 respicere
337 2909 419 2961 Statii
438 2909 556 2961 Scholia·

78 2991 147 3043 sten,
167 2983 214 3046 qui
231 2982 299 3032 haec
317 2980 471 3045 adscripsit.
495 2981 559 3030 “Et

78 3053 133 3102 hoc
151 3051 303 3115 poetice,
315 3049 557 3134 utEuripides:

79 3117 265 3186 [ποτωμένην]
298 3118 382 3183 ψυχὴν
410 3112 474 3182 νπὲρ
507 3133 555 3168 σου

78 3190 135 3254 [Sic
146 3197 217 3240 recte
228 3189 330 3240 Porso
338 3205 396 3240 nus
409 3189 557 3240 emendavit

77 3270 213 3324 corrupta:
248 3258 388 3323 Syrseen
410 3261 556 3323 opertui.

80 3328 430 3394 Vergiliuszomuibua
449 3330 557 3378 umbra

77 3401 298 3451 iocisaderoz
316 3398 424 3460 dabis,
439 3399 557 3463 impro-

76 3467 292 3535 be,poenas.”

110 3539 231 3593 ν676.
268 3537 361 3586 acii
368 3533 457 3602 ἑγειν
491 3529 556 3600 d'yoi

76 3605 185 3676 ie'ym]
215 3607 362 3658 Permirum
380 3611 428 3668 est,
444 3620 477 3654 ue
494 3605 557 3669 quid

76 3681 183 3740 gravius
199 3675 557 3740 dicam,Kirei1hoisium

77 3764 158 3812 nuper
195 3755 276 3813 atque
303 3747 487 3797 Nauckium
520 3747 558 3794 ita

21 3855 22 3858 ,
76 3820 220 3869 mutavisse
251 3818 501 3882 interpunctionem,
528 3820 559 3862 ut

75 3887 130 3946 hic,
149 3888 197 3937 ubi
220 3887 344 3937 absoluta
362 3893 401 3935 eet
419 3885 558 3946 sententie,

75 3959 316 4022 interpunctionem
335 3956 458 4006 tollerent
476 3968 558 4017 cuque

78 4029 156 4078 verba
179 4043 240 4077 cum
263 4027 392 4090 proximis
416 4025 559 4086 coniunge-

77 4087 557 4180 rent,Kirchnnffiusctiammdr

22 4167 23 4228 ᾖ
77 4181 122 4226 pro
151 4161 227 4216 ταῦτ’
257 4166 352 4228 edens,
377 4165 448 4215 inira
472 4170 559 4216 autem

22 4259 24 4272 ν
79 4245 135 4295 post
160 4230 313 4300 συμφορὰν,
336 4235 380 4284 nbi
406 4234 559 4298 imperfecte

608 2433 647 2474 est
674 2425 818 2486 sententia,
847 2425 972 2475 maiorem
1005 2427 1086 2474 inter·

607 2495 778 2559 punctionem
808 2494 937 2558 iacerent,
963 2500 993 2561 ut
1022 2497 1089 2544 dura

608 2574 687 2630 atque
702 2577 797 2628 aspera
817 2580 926 2628 prorsus
942 2565 1029 2614 oratio
1042 2579 1088 2614 ua·

608 2641 732 2684 sceretur.
763 2632 791 2682 Si
804 2635 993 2684 translaticiam
1005 2635 1086 2683 inter·

608 2705 775 2768 punctionem
791 2705 947 2766 obtinemus,
958 2706 1089 2754 sententia

608 2781 648 2822 est
669 2773 824 2838 planissima
842 2774 918 2822 haee:
946 2771 1088 2833 Patrem,

608 2845 663 2907 qui
683 2843 769 2906 apud
787 2842 919 2892 inferos
937 2843 1088 2898 eet.haee

607 2913 722 2962 audire
742 2913 899 2964 existima
922 2918 954 2961 et
977 2911 1088 2961 dicere

608 2999 655 3044 ea,
685 2997 768 3046 quae
798 2997 859 3046 ego
884 2983 967 3032 dico.
1003 2983 1088 3032 Haec

606 3054 696 3101 inter
713 3053 868 3102 lacrimas
894 3057 926 3100 et
944 3053 1087 3116 gemitus

609 3128 639 3170 et
675 3121 911 3185 aegrimonias
947 3120 1017 3169 dixi
1057 3128 1089 3170 et

608 3191 764 3255 flagitari
783 3193 922 3240 salutem
930 3196 1087 3253 ,captans

607 3261 655 3322 id,
684 3261 767 3326 quod
798 3275 906 3310 omnes
937 3274 996 3308 nec
1027 3274 1087 3322 ego

609 3331 698 3381 solus
717 3343 851 3394 quaero.

647 3399 675 3450 V
704 3399 763 3452 686
808 3393 999 3478 θνήσκοντα
1035 3397 1088 3446 καὶ

610 3471 775 3519 κτείνοντα
798 3462 873 3516 τούν
899 3461 1087 3532 ἐναντίους]

609 3537 641 3588 G.
668 3539 880 3588 Hermannus
908 3535 1023 3586 offensus
1048 3546 1088 3588 est

608 3608 636 3657 in
665 3609 716 3658 hoc
739 3609 798 3658 loco
827 3607 982 3671 dupliciter,
1004 3613 1030 3657 et
1059 3609 1085 3656 in

609 3680 697 3728 verbis
709 3680 771 3729 etin
786 3676 990 3742 seutentiaipsa.
1008 3676 1088 3727 Falso

608 3750 759 3813 utrobique.
794 3747 887 3813 Neque
911 3749 981 3798 euim
1006 3763 1088 3812 qpro

610 3820 651 3868 καὶ
681 3819 724 3868 hic
752 3821 906 3883 requiritur:
930 3817 994 3867 dicit
1019 3818 1086 3866 enim

610 3889 718 3942 Orestes
742 3888 805 3938 hoc.
835 3887 1030 3938 morientem
1061 3891 1088 3933 et

610 3955 818 4010 occidentem
874 3953 1087 4006 adversarios
1136 4016 1139 4022 Ι

610 4044 703 4093 nempe
721 4043 769 4091 pro
788 4043 816 4078 re
830 4033 895 4087 rata,
907 4026 936 4074 id
954 4029 994 4073 est
1012 4022 1085 4070 deui-

612 4114 661 4164 que
680 4098 745 4147 nihil
764 4097 836 4148 alind
853 4095 905 4145 nisi
924 4108 990 4142 oum
1008 4106 1087 4140 sum-

611 4185 657 4219 mo
681 4166 835 4230 periculo
860 4171 889 4214 et
917 4166 1031 4212 nostro
1057 4167 1089 4209 et

612 4236 889 4292 adversariorum.
909 4231 936 4278 id
951 4229 1028 4292 quod
1046 4244 1086 4279 re·
