2800 4774
271 346 310 410 14
627 337 931 408 PROOEMIUM.

269 512 440 578 etimamm
463 530 528 574 non
549 508 637 596 apud
660 531 696 576 so
718 520 796 575 nata
824 533 915 593 esse,
948 508 1009 574 sed
1041 519 1169 576 tautum
1193 510 1295 578 modo
1396 541 1397 598 ss

270 619 290 662 a
314 597 527 663 barbarorum
556 595 745 662 immanium
768 596 911 662 terrain
935 605 1067 676 terram,
1084 618 1177 662 suam
1199 597 1295 661 illata

270 703 342 748 esse
364 681 542 747 videretur.

355 767 480 832 Verum
502 776 612 831 tamen
626 766 777 850 quamvis
792 767 872 832 satis
894 764 1110 852 probabiliter
1125 764 1206 831 haec
1222 764 1293 852 dis·

269 861 386 938 putata
410 862 511 938 atquo
530 852 680 917 coniecta
699 873 770 917 esse
792 851 979 931 videantur,
1003 859 1112 915 tamen
1126 875 1193 916 non
1207 851 1293 916 mul·

268 948 339 1003 tum
361 939 469 1004 facere
501 935 654 1003 videntur
676 934 719 1000 ad
740 936 884 1002 fabulam
907 936 993 1000 hanc
1014 936 1137 1002 rectius
1159 936 1293 1001 intelli-

269 1022 429 1111 gendam,
468 1021 551 1090 illud
586 1022 728 1087 fortasse
757 1023 862 1110 magis
892 1020 1094 1088 efferendum
1123 1021 1186 1088 hoc
1216 1021 1294 1086 loeo

270 1118 339 1192 est,
371 1109 412 1174 ab
450 1107 699 1174 artificibus
730 1128 828 1193 saepe
866 1107 998 1194 singula
1033 1107 1132 1173 huius
1160 1106 1294 1172 fabulae

269 1217 306 1259 ar
332 1203 462 1259 omenta
491 1191 673 1259 secundum
703 1190 788 1258 banc
817 1193 922 1280 ipsam
947 1191 1117 1279 Euripidis
1146 1191 1293 1258 fabulam

269 1219 375 1344 videri
399 1301 554 1366 expressa
576 1300 663 1361 esse,
687 1276 814 1359 quade
837 1301 873 1343 re
896 1279 1037 1344 fortasse
1060 1277 1176 1344 deince
1202 1300 1218 1344 s
1242 1277 1293 1342 di-

269 1363 365 1430 cendi
387 1364 481 1431 locus
504 1363 653 1446 dabitur,
684 1363 810 1428 interea
832 1365 982 1430 conteras
1007 1365 1052 1428 lo.
1077 1362 1143 1431 Ad.
1206 1385 1293 1428 vcr-

269 1449 466 1516 beckium
502 1449 538 1514 in
573 1449 674 1532 libro,
715 1448 771 1532 qui
808 1449 1014 1514 inscribitur:
1053 1449 1293 1516 Heroische

269 1534 512 1601 Bildwerke
535 1559 566 1622 p.
592 1537 653 1599 723
677 1542 711 1597 et
734 1536 806 1598 747.
828 1536 894 1601 tab.
919 1533 1038 1600 XXX.

355 1653 431 1720 Hoc
454 1651 597 1740 denique
621 1653 676 1716 vix
694 1662 746 1718 est
768 1652 857 1738 quod
881 1671 1146 1731 commemorem,
1178 1650 1292 1718 admo·

270 1738 347 1804 dum
376 1737 555 1804 iucundum
584 1740 653 1804 fore
681 1739 856 1805 iuvenibus
888 1737 1002 1804 harum
1025 1760 1133 1804 rerum
1160 1737 1293 1824 cupidis

270 1835 369 1910 atque
399 1825 558 1891 studiosis
587 1822 672 1888 hano
695 1821 866 1911 Euripidis
894 1823 1039 1889 fabulam
1067 1823 1218 1889 conferre
1240 1833 1292 1889 at-

271 1934 335 1998 que
359 1910 558 1976 contendere
582 1932 656 1974 cum
680 1909 854 1998 Iphigenia
875 1909 988 1976 fabula
1009 1907 1146 1974 Goethii
1173 1910 1292 1992 nostri,

271 2019 450 2081 eorumque
479 1996 613 2084 ingenia
641 1995 870 2082 comparandis
899 1995 964 2060 illis
994 1995 1081 2059 inter
1102 2017 1137 2060 se
1169 1995 1292 2061 tabulis

270 2083 415 2148 exerceri
447 2082 568 2167 optime
599 2102 708 2166 posse.
754 2079 830 2164 Quo
861 2082 966 2170 magis
1005 2089 1114 2146 autem
1149 2090 1293 2146 mentem

269 2178 367 2253 atque
395 2165 555 2232 iudicium
583 2165 711 2232 iuvenis
741 2166 939 2252 optimarum
968 2165 1151 2232 litterarum
1179 2165 1292 2234 studio

269 2253 374 2319 dediti
396 2252 458 2318 hac
481 2254 553 2339 ipsa
575 2275 609 2318 re
633 2253 707 2318 acui
731 2261 832 2336 atque
863 2251 1014 2319 adiuvari
1043 2251 1216 2334 existimo,
1251 2275 1293 2322 eo

270 2339 376 2403 minus
405 2337 589 2404 haedere
622 2337 686 2403 lroc
717 2335 790 2402 loco
825 2337 1005 2422 quidquam
1029 2358 1100 2402 esse
1125 2359 1145 2402 a
1166 2359 1217 2402 me
1241 2335 1292 2401 di-

269 2423 426 2488 cendum‘
445 2423 572 2512 putari,
603 2445 668 2506 quo
701 2421 862 2510 integrius
894 2423 924 2488 ei
962 2421 1025 2487 hoo
1063 2430 1292 2510 argumentum

268 2507 312 2574 ad
334 2505 546 2574 iudicandum
568 2509 817 2593 relinqueretur.

354 2618 406 2683 De
434 2627 600 2705 tempore,
631 2641 697 2702 quo
721 2619 862 2703 primum
885 2616 1065 2704 Euripides
1088 2617 1174 2683 hanc
1196 2617 1292 2684 fabu-

268 2705 332 2770 lam
365 2702 517 2770 docuisse
538 2704 723 2785 videretur,
756 2703 837 2769 nihil
867 2703 1088 2790 significatum
1109 2725 1249 2788 usquam
1273 2706 1327 2778 af

268 2789 435 2856 veteribus
464 2790 681 2876 scriptoribus
711 2799 781 2872 est,
812 2799 921 2856 tamen
945 2788 986 2855 ab
1009 2788 1174 2874 Euripide
1198 2788 1293 2874 priua
1342 2789 1344 2794 ’

268 2874 445 2962 Iphigenia
473 2874 555 2941 haec
579 2875 738 2958 Taurica,
772 2897 869 2959 quam
899 2873 1076 2964 Iphigenia
1097 2874 1174 2957 illa,
1205 2895 1294 2958 quae

268 2970 319 3028 est
339 2959 473 3043 Aulide,
498 2969 633 3045 putatur
656 2983 728 3028 esse
751 2961 886 3047 scripta.

352 3069 417 3138 His
447 3069 623 3156 disputatis
646 3069 728 3134 nihil
759 3069 823 3153 iam
854 3070 1014 3156 reliquum
1045 3089 1120 3134 esse
1149 3065 1293 3144 videtur,

267 3157 329 3222 nisi
360 3167 398 3222 ut
426 3156 466 3221 de
498 3155 669 3222 codicibus
700 3155 828 3239 dicam,
859 3156 979 3240 quibus
1008 3153 1090 3218 haec
1120 3149 1294 3238 Euripidis

268 3243 379 3308 fabula
409 3243 531 3308 tradita
553 3241 594 3306 ad
617 3263 680 3306 nos
703 3242 765 3322 sit,
795 3241 891 3307 etde
921 3239 1140 3322 editionibus,
1171 3237 1293 3322 quibus

267 3329 450 3394 recentiore
479 3339 626 3415 tempore
652 3349 691 3391 ea
723 3326 834 3392 fabula
855 3327 969 3392 formis
1000 3324 1109 3390 descri
1135 3333 1171 3389 ta
1193 3332 1226 3388 et
1248 3323 1294 3387 ad

267 3412 482 3480 lectitandum
507 3415 669 3480 adornata
691 3433 765 3478 esse
788 3411 950 3478 videatur.
991 3411 1037 3476 Et
1060 3347 1194 3476 codices
1218 3409 1292 3492 qui·

268 3495 343 3560 dem
361 3499 458 3565 huius
475 3501 606 3564 labulae
621 3521 688 3565 non
711 3497 869 3564 habemus
884 3497 950 3562 nisi
967 3494 1051 3561 duos
1076 3495 1192 3560 tertiae
1206 3494 1291 3558 olas·

269 3579 332 3662 sis,
364 3584 501 3648 alterum
526 3584 730 3668 Palatinum,
762 3583 817 3670 qui
850 3605 937 3648 nunc
967 3592 1018 3646 est
1046 3583 1135 3646 inter
1156 3579 1294 3645 codices

268 3663 450 3732 Vaticanus
464 3691 495 3732 n.
513 3671 597 3751 ⁶287,
615 3691 711 3752 quem
727 3669 837 3734 littera
856 3669 892 3734 B.
909 3666 1213 3732 Kirchhosfius
1232 3687 1292 3729 no-

268 3749 363 3832 tavit,
390 3750 528 3816 alterum
542 3753 780 3837 Eloreutinum,
805 3754 861 3838 qui
883 3762 936 3818 est
958 3753 1041 3840 plut.
1056 3751 1175 3816 XXX.
1198 3773 1228 3815 n.
1244 3752 1290 3831 2.,

269 3856 367 3918 quem
386 3835 496 3900 littera
513 3841 545 3900 0.
566 3837 873 3904 Kirchholfius
890 3839 1028 3921 notavit,
1049 3836 1228 3922 dequibus
1251 3834 1292 3898 li-

267 3919 337 3986 bris
358 3943 457 3986 mauu
480 3921 612 4008 seriptis
635 3921 710 3987 vide
744 3946 827 4007 quae
850 3924 1040 4012 scripsimus
1063 3924 1097 3987 in
1120 3919 1292 4008 prooemio

268 4004 396 4072 Alcest.
420 4029 450 4092 p.
475 4009 526 4072 21.
572 4005 763 4072 Editiouum
787 4010 966 4094 autem,si
995 4007 1293 4094 praetermittimus

267 4090 322 4156 hic
355 4115 428 4174 eas,
468 4115 551 4176 quae
582 4114 695 4158 omues
726 4093 897 4182 Euripidis
935 4095 1063 4161 stabulas
1100 4092 1294 4178 complexae

268 4186 356 4258 sunt,
387 4178 543 4244 hocloco
567 4177 627 4242 hae
650 4179 856 4265 potissimum
881 4177 1188 4250 commemorandae
1218 4196 1298 4244 esse·
