2730 4774
427 337 731 406 PROOEMIUM.
765 349 770 354 '
1079 348 1097 404 tl

61 513 193 578 dixisse
217 512 250 575 in
273 509 393 590 libro,
409 508 467 590 qui
492 506 683 574 inscribitur
712 506 783 572 der
812 507 991 594 episcbe
1013 508 1095 596 Cy·

14 597 15 682 l
60 599 162 662 clus
186 608 296 679 etcp.
316 591 1005 660 ⁴298.ConferaturetiamSoboliastes
1027 594 1095 659 Eu·

59 682 185 768 ripidis
206 679 249 750 ad
271 678 384 746 Oresa
407 701 438 742 v.
461 679 534 744 84⁷.
1129 681 1131 685 '

154 789 301 858 Uberius
332 811 429 872 qnam
461 787 640 852 Homerum
678 789 919 875 scriptores
959 791 1094 878 cycli-

14 927 15 944 .
60 899 140 942 cos
179 873 313 940 Orestis
344 874 457 938 vitam·
482 881 516 938 et
552 893 603 938 res
640 881 751 957 gestas
785 885 978 960 persecutos
1022 897 1094 942 esse

85 960 243 1029 robabile
267 969 325 1024 est.
378 959 465 1023 Nam
498 967 532 1022 et
560 957 772 1024 Pindarus
801 959 836 1022 in
869 979 966 1026 carm.
997 960 1094 1048 Pyth.
1123 956 1127 963 ’

101 1047 134 1122 Ι,
168 1048 220 1109 ‘lfa
253 1043 406 1108 Orestem
437 1044 485 1108 ait
513 1065 533 1107 a
562 1043 692 1108 nutrice
720 1065 781 1108 sua
803 1044 946 1110 Arsinoa
997 1067 1095 1128 quam

61 1131 209 1198 eandem
253 1127 533 1216 Pherecydes
569 1127 656 1215 apud
699 1126 919 1194 Scholiastem
955 1093 1096 1196 Pindari

61 1217 83 1283 l.
104 1241 135 1282 c.
154 1213 370 1280 Laodamiam
388 1214 544 1301 appellat,
560 1211 748 1298 Aeschylus
762 1233 872 1280 autem
895 1215 930 1280 in
945 1210 1093 1300 Oboeph.

62 1327 95 1365 v.
123 1304 198 1366 732.
231 1298 402 1384 Oilissam,
433 1307 472 1364 ut
500 1297 637 1364 insidias
669 1299 953 1384 Clytaemnestrae
982 1299 1095 1364 matris

63 1389 207 1468 vitaret,
237 1386 371 1452 missum
407 1405 480 1454 esse
509 1383 552 1448 ad
591 1383 803 1470 Strophium,
841 1407 952 1472 rogem
987 1393 1095 1450 terrae

65 1470 249 1554 Phocidis,
281 1491 377 1555 quern
405 1470 531 1534 socium
553 1477 653 1553 atque
675 1469 813 1534 amicum
838 1470 1095 1556 Agamemnonis

65 1559 157 1645 regis
189 1557 280 1620 aiunt
309 1556 410 1620 fuisso
442 1563 499 1622 aut
526 1555 623 1618 etiam
646 1553 805 1636 adfinem,
838 1578 939 1640 quum
969 1555 1094 1618 Anaxi·

66 1645 159 1708 biam
188 1663 335 1706 sororem
365 1641 623 1727 Agamemnonis
652 1641 687 1704 in
712 1641 921 1706 matrimonio
944 1640 1092 1722 baberet,

66 1729 146 1793 vide
169 1725 343 1810 Euripidis
372 1725 389 1790 I
415 1725 482 1812 hig.
513 1725 613 1790 Taur.
642 1747 673 1791 v.
703 1727 777 1794 918.
803 1727 943 1798 Pansan.
967 1725 1022 1790 lib.
1046 1725 1092 1788 ll.

68 1837 97 1878 c.
127 1815 179 1878 29.
204 1813 232 1896 ξ.
258 1815 306 1894 4.,
336 1749 423 1875 unde
456 1810 553 1875 etiam
575 1811 791 1878 consobrinos
813 1811 917 1876 fuisse
940 1809 1096 1875 dixerunt

70 1897 227 1964 Orestem
258 1906 292 1961 et
318 1894 476 1984 Pyladem
509 1893 658 1981 Strophii
679 1893 800 1978 filium,
822 1895 899 1960 vide
922 1894 1093 1982 Euripidis

71 1983 184 2069 Iphig.
206 1983 308 2046 Tanr.
330 2007 361 2046 r.
385 1983 457 2047 919.
484 1989 517 2045 et
535 1977 831 2047 Scholiastem
853 1979 895 2044 ad
928 1977 1041 2044 Orest.
1063 2005 1093 2047 v.

76 2071 149 2132 765.
171 2076 227 2132 aut
249 2067 349 2135 etiarn
371 2066 602 2132 consobrinum
624 2064 885 2152 Agamemnonis
908 2065 1031 2150 quippe
1054 2087 1107 2128 ex-

77 2154 144 2218 eius
173 2153 274 2218 amita
302 2152 396 2216 Atrei
425 2151 495 2216 filia
528 2146 723 2240 Oydragora
744 2159 874 2234 natum,
906 2151 1036 2233 quade
1060 2172 1095 2214 re

72 2238 146 2304 vide
170 2260 256 2322 quae
289 2235 562 2306 Scholiastes
593 2235 696 2302 habet
726 2235 767 2300 ad
788 2235 885 2302 huius
908 2235 1040 2301 fabulae
1063 2249 1094 2300 ν’.

75 2327 167 2390 1233.
193 2323 239 2388 Et
266 2323 368 2390 furias
406 2320 549 2406 quidem,
578 2343 597 2384 a
626 2321 745 2406 quibus
775 2319 924 2386 Orestes
960 2329 1096 2407 propter

71 2409 209 2474 caedem
238 2408 351 2473 matris
380 2408 524 2494 agitatus
554 2427 625 2472 esse
656 2405 846 2489 dicebatur,
877 2406 975 2471 etiam
999 2405 1096 2472 Ste-

72 2495 270 2560 sichorus
286 2492 409 2557 novita
433 2490 479 2556 ud
496 2491 715 2558 Scholiastern
738 2491 907 2577 Euripidis
925 2491 968 2555 ad
984 2489 1096 2557 Orest.

72 2605 102 2644 v.
121 2580 357 2663 rasilemque
377 2517 652 2664 Pherecydes
675 2575 762 2664 apud
792 2577 931 2642 eundern
947 2575 1096 2646 Scholia-

72 2675 156 2730 stem
190 2663 232 2728 ad
261 2687 291 2732 v.
323 2665 415 2730 1640.
446 2668 481 2726 et
508 2662 762 2727 Hellanicus
784 2663 805 2726 l.
829 2685 857 2727 c.
881 2661 923 2727 ad
947 2685 977 2726 v.
1004 2665 1096 2728 1643.

160 2809 214 2873 Ex
236 2809 351 2874 eodem
374 2809 467 2879 tonte
490 2829 552 2874 sua
573 2806 739 2873 duxerunt
761 2817 794 2874 et
821 2817 983 2894 poetae
1013 2817 1097 2874 tra-

71 2895 161 2982 gici
194 2904 229 2960 et
250 2893 412 2977 artifices,
442 2909 589 2977 quorum
605 2902 789 2964 commenta
810 2901 928 2980 postea
950 2892 1098 2960 rhetores

73 2991 208 3064 quoque
232 2980 362 3065 sequuti
384 2988 472 3044 sunt.
516 2977 563 3043 Et
579 2981 698 3063 pottae
715 2978 848 3062 quidem
872 2978 992 3066 tragici
1014 2978 1097 3044 alius

74 3066 140 3130 alio
172 3065 272 3130 modo
305 3065 369 3130 hoc
398 3081 626 3163 argumentum
655 3063 940 3150 amplificaverunt
985 3072 1096 3148 atquc,
1161 3141 1165 3154 ,

73 3151 124 3214 nti
151 3150 292 3236 singulis
314 3149 552 3232 conveniebat,
582 3158 834 3216 exornaverunt.
880 3149 968 3215 Nam
1020 3171 1099 3216 uum

73 3237 285 3302 Homerus
315 3245 384 3302 tros
420 3257 550 3301 sorores
579 3233 711 3302 Orestis
742 3235 959 3322 appellasset,
991 3171 1098 3320 dhry-

75 3319 254 3407 sothemin,
279 3320 461 3404 Laodicen,
487 3319 505 3384 Ι
532 3319 737 3402 hianassam,
761 3319 998 3406 Aeschylus
1032 3341 1099 3384 non

73 3408 223 3472 nominat
251 3407 316 3473 nisi
337 3407 439 3488 duas,
469 3345 677 3493 Iphigeniam
698 3416 732 3471 ct
755 3405 939 3489 Electram,
970 3403 1100 3490 Sopho·

75 3491 162 3556 cles
184 3500 264 3576 tres,
291 3491 558 3578 Chrysothemin,
580 3491 766 3572 Electram,
790 3489 1029 3575 Iphianassam,
1050 3499 1099 3555 to·

75 3575 246 3660 tidemqne
287 3576 539 3662 Euripides,
590 3573 867 3662 Chrysothemin,
921 3568 1099 3656 Electram,

76 3661 93 3724 I
118 3661 303 3748 higeniam,
336 3663 478 3726 maximo
500 3683 598 3748 opera
621 3670 730 3728 autem
753 3661 835 3726 duaa
858 3683 912 3728 res
933 3662 967 3726 in
989 3661 1101 3726 fabula

78 3686 212 3813 (beatis
249 3758 535 3836 exaggeraverunt
563 3749 695 3832 podiae,
714 3747 848 3833 tragici,
886 3768 925 3812 ac
962 3746 1103 3832 primurn

78 3832 210 3916 quidem
235 3835 343 3900 scelus
365 3832 542 3898 matricidii
566 3833 607 3898 ab
630 3831 753 3897 Oreste
776 3831 962 3914 commissi,
988 3851 1101 3915 quam-

78 3919 189 3983 obrem
213 3940 286 3984 cnm
309 3919 403 3984 furiis
427 3917 584 4004 agitatum
620 3921 654 3982 in
685 3939 807 3982 scaena
831 3925 1101 4001 repraesentave-

79 4012 174 4086 runt,
205 4026 273 4088 qua
300 4003 342 4070 dc
372 4027 407 4067 re
438 3999 592 4085 Pacuvii,
633 4013 671 4068 ut
693 4003 741 4067 ait
763 4001 963 4084 Servius,
993 4003 1102 4066 locum

79 4099 252 4174 spectans,
294 4091 358 4156 iam
395 4088 623 4175 Vergilius
670 4089 704 4155 in
746 4086 915 4154 Aeneidos
945 4085 1001 4152 lib.
1038 4085 1101 4166 IV,

78 4177 149 4262 All.
174 4199 248 4261 sqq.
273 4173 354 4242 dicit
375 4175 470 4241 haec:
