2806 4782
243 333 244 336 ‘
287 345 543 412 retransit
570 346 610 410 Η
635 346 699 410 ΕΝ
727 345 949 423 rainois.
1094 339 1133 403 οι

221 516 319 584 οίσω·
346 510 384 582 τὸ
414 519 527 599 μέντοι
554 515 705 598 ὅυςμινὲς
727 510 773 598 μὴ
797 511 874 600 ’μοιλ
903 513 1016 606 λάβῃς.

219 615 401 707 φυλάσσετ’
436 613 581 700 αὐτούς,
608 611 802 700 πρόσπολοι,
825 617 953 697 δεσμῶν
981 615 1071 703 ἄτερ.

219 720 295 796 λ’σως
320 714 450 786 ἄελπτα
477 719 543 786 τῶν
567 718 653 802 ἐμῶν
675 720 782 806 φίλων
802 720 874 782 ,τινὶ

118 821 191 896 641)
220 829 340 914 πέμψω
366 816 449 904 πρὸς
466 815 599 904 Ἄργος,
624 813 664 884 ὃν
689 817 827 904 μάλιστ’
858 813 916 901 ἐμά
945 816 1039 908 φιλῶ,
1071 815 1133 878 6⁶25

145 999 151 1016 Ι
219 927 275 990 καὶ
302 926 415 999 δέλτος
442 920 536 1004 αὐτῷ
562 921 699 1000 ζῶντας,
728 916 786 998 οὓς
813 924 902 986 δοκεῖ
928 924 1061 999 θανεῖν,

220 1030 359 1109 λέγουσα
387 1018 508 1099 πιστάς
534 1017 661 1100 ἡδονάς
685 1019 874 1106 ἀπαγγελεῖ.

531 1122 721 1188 ΧίλΡΟΣ.

547 1215 648 1282 στροφὴ
667 1216 706 1268 α’.

220 1291 501 1386 κατολοφύρομαι
526 1295 561 1359 σὲ
588 1291 648 1359 τὸν
671 1293 832 1380 χερνίβων

189 1479 222 1528 V.
241 1477 369 1532 628-30.
389 1488 414 1528 et
431 1495 456 1526 v.
476 1473 622 1530 633-634.
650 1483 675 1524 et
695 1491 717 1523 v.
737 1473 884 1529 636—639.
914 1479 1033 1541 sequitur
1058 1478 1133 1528 chori

115 1565 233 1612 carmen,
252 1556 278 1598 et
296 1550 394 1611 prioris
413 1549 517 1614 quidem
541 1545 665 1608 strophae
688 1561 811 1596 numerus
830 1547 1000 1598 dochmiacae
1018 1549 1062 1598 hic
1080 1553 1132 1598 est:

114 2097 228 2147 alterius
246 2097 380 2160 strophae,
400 2113 466 2162 quae
484 2113 538 2146 uno
559 2111 637 2146 versu
655 2105 765 2158 constat,
785 2098 835 2146 hcc
854 2103 963 2145 metrum
984 2101 1023 2146 est

272 2177 512 2242 ,LULQ

116 2269 216 2333 quibus
235 2269 353 2319 succedit
371 2271 472 2334 epodos
490 2271 599 2320 huiusce
618 2272 702 2320 modi:

273 2348 422 2415 ULU-

440 2505 524 2576 Ag,

116 2671 173 2712 tum
191 2672 231 2714 est
249 2679 362 2728 corpora
381 2661 510 2716 clarorum
530 2682 599 2716 mor·

115 2742 222 2784 tuorum
241 2749 293 2784 non
314 2735 399 2786 solum
418 2740 515 2786 vestitu
526 2753 599 2800 egre-

116 2805 164 2867 gio
183 2806 289 2867 induta,
309 2811 496 2858 verumetiam
516 2810 600 2856 cultus

116 2881 199 2936 atque
229 2875 351 2924 luxuriae
387 2877 469 2938 signis
506 2878 600 2942 quovis

116 2944 198 2992 modo
218 2954 313 2994 ornata
331 2949 494 2995 concremari
521 2948 601 2996 solito

117 3028 211 3062 essee
234 3013 352 3064 Graecis.
379 3016 445 3066 Vide
467 3017 601 3066 Homeri

117 3081 214 3145 Odyse.
234 3083 342 3136 XXIV.
361 3084 395 3136 67
413 3101 451 3148 sq.
485 3089 555 3134 καίεο
575 3079 601 3134 δ’

117 3151 147 3200 ἔν
166 3145 188 3199 τ’
209 3151 300 3216 ἐσθῆτι
323 3153 396 3202 θεῶν
421 3153 461 3202 καὶ
487 3150 602 3217 ἀλείφατι

117 3222 205 3288 πολλῷ
217 3221 268 3272 Κάί
284 3223 360 3283 μέλιτι
378 3225 500 3290 γλυκερῷ.
523 3225 601 3279 Rhea.

116 3293 170 3347 952
188 3309 231 3356 sq.
267 3291 307 3342 καὶ
333 3294 381 3341 νῦν
407 3295 509 3354 ἕτοιμον
537 3293 603 3360 ,τῷδε

116 3363 161 3412 καὶ
182 3361 269 3424 τεῦξαι
288 3358 373 3424 τάφον
393 3363 444 3413 Καὶ
463 3364 601 3427 §canonci-

117 3449 161 3484 σοι
179 3436 274 3496 μορίαν
293 3433 394 3482 πέπλων
412 3430 508 3496 χλιδήν.
535 3435 602 3484 Tro-

115 3506 160 3554 ad.
183 3502 253 3556 1208
272 3519 315 3567 sq.
334 3505 436 3553 Alcest.
460 3504 520 3556 618.
539 3504 599 3557 631.

116 3575 187 3624 ceni.
208 3577 288 3624 etiam
306 3574 378 3623 inira
395 3591 421 3628 v.
440 3573 517 3628 1435.

151 3711 186 3759 V.
211 3709 272 3764 618.
310 3709 423 3778 ξανθῷ
451 3706 474 3760 t'
505 3710 601 3777 ἐλαίῳ

118 3781 205 3842 σῶμα
233 3777 295 3830 σὸν
322 3781 533 3847 κατασβέσω]
571 3782 599 3832 Si

117 3850 273 3914 κατασβέσαι
300 3868 364 3902 vera
391 3855 522 3916 scriptura
551 3861 600 3916 cst,

116 3937 171 3970 non
201 3929 315 3984 possunt
346 3923 411 3972 haec
441 3923 520 3972 verbs
552 3925 600 3974 ali·

116 4006 206 4040 orsum
220 3991 315 4041 referri
329 3994 380 4042 nisi
392 3994 426 4044 sd
440 4009 500 4042 ossa
513 3994 600 4042 calcu·

116 4062 162 4124 tia,
184 4077 252 4125 quae
261 4062 404 4126 Iphigenia
423 4065 523 4126 cogitet
540 4065 600 4114 oleo

115 4133 232 4196 vinoque
257 4131 341 4182 effuso
365 4135 547 4196 exstinguere,
572 4135 600 4182 in

115 4217 195 4264 quam
231 4203 390 4252 sententiam
432 4203 601 4252 contulerunt

43 4303 48 4314 .
114 4271 254 4322 Homeri
281 4272 314 4322 lt.
344 4271 451 4326 XXIII.
482 4271 533 4326 tt?
560 4289 600 4337 sq.

651 2665 817 2730 πρῶτονμὲν
836 2662 897 2715 κατὰ
917 2661 1044 2730 πυρκαϊὴν
1071 2665 1131 2728 cdi·

652 2733 708 2787 σοι’
729 2737 823 2786 αἴθοπι
843 2738 905 2802 οἴνῳ
927 2735 1030 2794 Πᾱοαν,
1050 2731 1132 2786 άπάσ-

652 2823 700 2856 σον
719 2806 807 2868 ἑπέσχε
826 2804 910 2868 πυρὸς
927 2806 1013 2866 μένοι.
1054 2808 1133 2857 Adde

651 2879 703 2930 hnc
714 2877 813 2925 Tibulli
829 2875 960 2935 111.2,17
976 2893 1032 2940 sqq.
1051 2875 1132 2927 Pars

653 2963 735 3012 quae
761 2947 835 2996 sola
865 2948 923 2996 mei
957 2949 1133 3010 superabit

652 3017 823 3080 corporis,
847 3031 928 3066 ossa
953 3017 1133 3067 Invinctae

654 3089 752 3152 nigra
784 3087 927 3134 candida
962 3093 1056 3136 veste
1084 3089 1133 3135 le·

654 3164 744 3220 gent,
777 3155 818 3202 Et
840 3158 977 3217 primurn
1003 3171 1132 3205 annoso

654 3233 815 3289 spargent
845 3226 989 3274 collecta
1009 3226 1132 3288 Lyaeo.

653 3295 729 3344 Mox
754 3296 848 3344 etiam
868 3296 964 3343 niveo
994 3294 1133 3344 fundere

652 3366 740 3414 lacte
759 3373 882 3427 parcnt.
903 3364 1133 3426 VidcquaeDis·

653 3437 765 3483 senius
784 3435 819 3483 ad
837 3434 863 3482 h.
882 3434 899 3480 l.
920 3434 1061 3484 adnotavit
1079 3426 1170 3485 tol..

652 3503 689 3552 11.
708 3520 734 3568 p.
753 3501 813 3556 328.

688 3575 720 3626 V.
739 3573 798 3626 622.
826 3568 858 3621 td
886 3571 995 3634 μέντοι
1023 3571 1133 3634 δυσμε-

652 3639 706 3692 vde
736 3641 773 3707 μὴ
801 3638 875 3702 ’μου
901 3640 1016 3706 λάβῃς]
1052 3644 1134 3694 Recte
1170 3652 1198 3716 0

652 3714 770 3782 reddidit
797 3713 828 3766 G.
852 3714 1071 3764 Hermannus:
1099 3713 1134 3765 0-

652 3785 749 3844 dium,
770 3784 857 3846 qnod
875 3785 1062 3836 immolatio
1082 3787 1134 3835 ad-

652 3854 735 3914 fert,
757 3868 794 3902 ne
820 3856 851 3902 in
876 3869 922 3902 mc
948 3857 1133 3918 concipite.

652 3921 780 3972 Similiter
792 3925 844 3973 dici
862 3925 899 3973 eit
909 3925 936 3972 in
953 3925 1061 3988 Hippol.
1072 3921 1133 3976 965.

651 3991 677 4042 εί
693 3989 826 4059 δυσμενείᾳ
849 3993 881 4055 σῇ
905 3991 933 4042 τὰ
953 3988 1049 4056 φίλτατ’
1073 3988 1133 4038 citc-

653 4077 717 4112 οεν.
758 4063 799 4112 Dc
819 4064 899 4112 verbo
924 4060 1063 4126 λαμβάνειν
1086 4061 1133 4108 ed-

652 4133 787 4182 simulavit
818 4131 993 4184 Seidlerus
1027 4130 1133 4180 Heracl.

651 4203 713 4255 991.
737 4203 791 4253 ἐπεὶ
816 4197 841 4250 δ’
872 4199 960 4266 ἐκείνῳ
984 4197 1134 4261 δυσμένειαν

653 4267 761 4338 λείαν·
