2786 4776
268 310 329 378 172
461 329 463 337 '
609 319 930 386 ΕΥΡΙΠΙΔΟΥ

367 486 450 574 πρὸς
473 490 562 573 κῦμα
588 489 813 569 λακτίζοντες·
844 495 889 566 είς
915 493 949 557 tt
974 493 1038 573 γῆν
1062 487 1163 556 νιείλιν

367 589 495 654 κλύδων
522 588 707 677 σαλίῤῥονς
732 581 790 671 ἦγε
817 593 914 656 ναῦν.
942 596 1112 657 σταθεῖσα
1140 595 1174 658 δὲ

362 690 610 773 Ἀγαμέμνονος
638 703 716 764 παῖς
743 689 876 770 εὕξαε“·
903 683 927 756 ὦ
956 696 1094 774 Λητοῦς
1120 691 1216 778 κόρη,

365 790 475 858 σῶσόν
501 817 541 874 με
569 787 630 872 τὴν
657 790 719 870 σὴν
745 795 851 875 ίερίαν
879 790 963 878 πρὸς
986 792 1128 858 Ἱελλοίδα
1189 873 1192 878 ¹

269 890 364 966 1400
379 901 412 958 tu
422 891 598 978 βαρβάρου
612 894 672 975 γῆς
683 894 739 956 καὶ
749 897 889 970 κλοπαῖς
900 893 1065 976 σύγγνωθ’
1080 903 1185 977 ἐμαῖς.
1199 907 1288 969 1370

367 997 473 1082 φιλεῖς
499 997 533 1059 n
562 997 616 1058 nai
634 990 686 1058 ’σίν
714 991 777 1058 σὸν
803 1000 1023 1077 κασίγνητον,
1052 993 1141 1062 θεοί·

364 1099 474 1182 φιλεῖν
502 1098 536 1161 δὲ
564 1093 647 1179 κάμὲ
672 1091 752 1170 τούς
780 1090 969 1180 ὁμαίμονας
994 1096 1093 1163 δόκει.

363 1198 487 1261 ναῦται
513 1193 544 1262 δ’
574 1193 815 1282 ἐπευφήμησαν
841 1196 989 1282 εὐχαῖσιν
1014 1197 1116 1282 κόρης

362 1301 508 1374 παιᾶνα,
536 1294 665 1382 γυμνὰς
693 1304 726 1362 ἐκ
751 1302 883 1362 πέπλων
910 1302 1076 1381 ἐπωμίδας

264 1394 358 1472 1405
387 1397 479 1490 κώπη
507 1389 801 1485 προςαρμόσανεες
827 1406 862 1464 ἐκ
888 1399 1119 1484 κελεύσματος.
1199 1398 1285 1460 1375

360 1501 493 1582 μᾶλλον
521 1503 556 1566 δὲ
580 1502 712 1585 μᾶλλον
736 1496 822 1582 πρὸς
844 1508 967 1588 πέτρας
988 1497 1038 1596 ᾔει
1052 1498 1202 1591 σκάφος·

329 1695 362 1744 V.
382 1694 461 1750 1366.
498 1691 565 1759 nquit
584 1692 674 1755 κε’νερα
692 1693 871 1745 Nenokius.
891 1695 929 1745 ειέ
944 1695 973 1746 δὲ
996 1699 1047 1762 γῆν
1071 1696 1147 1746 πάλιν
1164 1697 1285 1750 cunte-

261 1781 323 1848 rqs.
348 1763 386 1814 είς
408 1764 458 1829 γῆν
482 1762 510 1814 δὲ
535 1760 610 1814 πάλιν
632 1764 699 1815 eod.
721 1763 751 1816 H.
769 1772 796 1816 et
814 1764 880 1814 Cod.
900 1766 929 1815 C.
952 1782 1004 1820 seo.
1023 1769 1142 1818 Furiam.
1168 1767 1208 1819 είε
1231 1772 1285 1836 γῆν

261 1836 292 1954 gg
307 1899 383 1953 πάλιν
401 1902 468 1956 Ood.
488 1903 517 1952 C.
537 1917 590 1952 seo.
613 1903 714 1952 Victor.
732 1901 770 1952 είε
788 1903 838 1968 γῆν
856 1900 888 1968 δὴ
907 1900 982 1952 πάλιν
999 1919 1091 1969 apogr.
1112 1905 1216 1958 Parios.

331 1974 363 2022 V.
385 1972 462 2026 1369.
498 1971 580 2035 ίερίαν
598 1971 792 2022 Bernesius.
812 1971 907 2034 ίὲρειον
925 1975 994 2024 libri.

332 2043 364 2092 V.
384 2039 461 2096 1374.
498 2040 597 2106 γυμνὰς
615 2038 643 2090 ίκ
662 2041 763 2091 πέπλων
788 2039 917 2105 ἐπωμίδας
935 2043 1157 2095 ΜειΙεΙεειιλιεε.
1179 2042 1283 2110 γομνάε·

260 2213 451 2263 retinaculo
474 2213 586 2275 nevis,
610 2213 668 2262 sine
693 2213 741 2262 du·
791 2213 865 2263 uliud
882 2214 966 2262 fuisse
984 2213 1012 2261 in
1030 2211 1082 2262 hoo
1091 2213 1213 2276 periculo
1225 2217 1281 2266 ism

258 2285 303 2334 bio
331 2285 358 2331 in
384 2285 519 2332 solutione
537 2283 614 2331 rrevis
637 2282 743 2332 sublate
791 2285 881 2333 nentis
905 2283 1070 2344 faciendum,
1095 2284 1214 2347 insint,
1242 2289 1281 2335 si·

260 2355 563 2410 erunt,nunosutemvi
580 2353 741 2416 veutivehe·
792 2353 851 2402 oubi
879 2359 983 2416 posset,
1006 2352 1091 2406 ,funes
1124 2354 1281 2420 adligarent

260 2423 397 2474 mentioris
417 2438 509 2472 rursus
535 2423 635 2471 reiecta
654 2431 740 2485 erunt,

259 2503 288 2543 ut
299 2495 438 2543 commode
447 2493 570 2554 navigeri
581 2501 740 2554 nonposset.

294 2563 326 2614 V.
352 2560 429 2616 13116.
460 2559 541 2625 πρὸς
569 2561 661 2619 κῦμα
687 2562 740 2610 λιε-

259 2631 441 2696 erigones]
478 2631 583 2681 lrritum
612 2630 741 2692 iecerunt,

258 2703 331 2767 quod
363 2702 491 2752 adversus
522 2705 623 2748 aestum
650 2701 740 2750 'maris

257 2772 364 2822 trudere
380 2786 475 2820 navem
494 2766 666 2819 conabantur.
688 2771 740 2818 Mi·

258 2843 328 2892 nime
347 2855 413 2904 opus
437 2847 478 2890 est
500 2839 653 2888 coniectura
673 2839 740 2902 πρὸε

257 2910 361 2975 κέντρα,
396 2925 463 2973 quse
500 2907 646 2958 similitudo
683 2924 737 2959 non

792 2499 859 2550 rent,
877 2499 907 2540 ut
926 2493 1063 2555 nequead
1083 2493 1210 2554 scripulos
1230 2497 1279 2544 sd·

792 2562 920 2610 lideretur
946 2576 1031 2623 neque
1056 2562 1091 2610 ed
1115 2569 1213 2612 terram
1238 2567 1279 2614 is·

791 2638 916 2680 staretur.
952 2631 1080 2692 „Neutee
1102 2638 1192 2681 autem
1210 2635 1278 2696 quid

790 2700 948 2750 fecerent?“
961 2702 1055 2764 inquit.
1066 2698 1112 2761 „N
1115 2716 1157 2750 um
1169 2703 1197 2750 in
1209 2719 1279 2753 saxa

790 2778 817 2818 et
841 2771 966 2833 soopulos
989 2770 1175 2820 illidi'novem
1202 2780 1277 2836 pote-

788 2846 879 2890 rentur
897 2841 1037 2902 periteque
1060 2839 1089 2888 in
1110 2841 1191 2890 undis
1210 2844 1276 2892 mel-

791 2423 825 2471 ed
847 2437 925 2486 rupes
945 2423 1034 2484 itaque
1057 2437 1152 2471 nsvem
1174 2425 1288 2480 detine--

257 2982 291 3032 sd
314 2986 426 3043 nentes,
448 2993 539 3029 verum
562 2978 596 3026 ud
620 2977 738 3030 iumento

257 3054 380 3117 pertinet.
439 3085 442 3092 s

291 3122 324 3173 V.
342 3117 416 3173 1371.
443 3118 553 3180 φιλεῖν
570 3115 604 3166 σί
626 3117 679 3167 καί
697 3116 736 3168 σί

256 3187 314 3240 σόν
339 3188 554 3253 κασίγνητον]
579 3188 621 3236 De
644 3203 737 3253 perpe·

255 3267 301 3310 tus
330 3261 464 3323 Apollinis
491 3265 518 3309 et
545 3257 650 3308 Dionae
675 3274 736 3308 oon·

255 3331 403 3378 sociatione
424 3337 452 3379 et
475 3329 605 3378 communi
628 3329 737 3393 templo,

254 3398 326 3459 quod
344 3397 395 3445 fuit
413 3401 440 3446 in
459 3398 609 3460 Parnasso,
630 3400 684 3448 dixi
704 3399 739 3449 sd

255 3463 358 3514 Phoen.
376 3466 434 3518 237.
454 3463 479 3530 p
498 3467 541 3522 57.
562 3470 602 3520 ed.
623 3466 705 3518 Goth.

310 3533 339 3581 V.
366 3533 443 3586 1374.
475 3533 599 3598 γυμνὰς
624 3535 658 3586 ἐκ
686 3536 734 3586 σε’-

255 3601 336 3648 niori»
355 3599 534 3668 ineptias]
551 3631 553 3639 ·
571 3604 650 3656 (tout.
674 3608 735 3657 Ion.

254 3670 331 3724 1210.
351 3668 437 3733 γυμνὰ
454 3665 479 3718 δ’
497 3667 526 3720 ἐκ
545 3673 649 3721 νιὲαλοιν
665 3676 734 3739 μέλη,

296 3741 328 3801 V.
357 3738 432 3792 1376.
459 3740 577 3799 μᾶλλον
603 3741 636 3790 δὲ
664 3745 734 3804 μᾶλ-

253 3811 327 3876 λον]
358 3809 461 3872 megis
486 3812 665 3873 magisque.
693 3813 737 3862 De·

251 3883 302 3932 heo
319 3881 434 3932 formula
456 3879 527 3942 apud
551 3881 656 3929 Atticos
680 3897 734 3932 nou

251 3951 415 4016 infrequenti
434 3949 515 4016 conl.v
527 3951 558 4000 A.
577 3949 642 3998 Mei
652 3951 734 4002 neke

250 4023 286 4074 ud
308 4021 445 4072 Menandr.
462 4035 488 4084 p.
508 4017 567 4072 286.

289 4091 318 4139 V.
343 4091 410 4145 1371
434 4106 474 4156 sq.
502 4097 572 4138 recte
596 4087 630 4138 G.
655 4089 732 4138 Her-

251 4175 387 4212 msnuus
415 4167 509 4210 eontra
542 4160 574 4208 Α.
602 4158 733 4208 Matthiae

251 4230 289 4278 sio
308 4229 468 4294 disputavit,
490 4235 520 4280 nt
543 4229 643 4280 dieeret
665 4229 732 4279 nillil

787 2981 816 3027 in
834 2981 938 3040 littore,
960 2993 1040 3042 quem
1063 2978 1174 3028 salutem
1194 2995 1276 3044 quse·

788 3046 846 3098 'rere
864 3063 934 3110 eam,
962 3056 1030 3111 quse
1052 3049 1131 3096 unios
1149 3065 1275 3112 superes·

788 3124 842 3180 set,
871 3127 898 3166 ut
920 3119 1038 3180 adligato
1062 3119 1125 3166 nevi
1150 3119 1185 3168 ad
1208 3135 1276 3170 saxo

788 3202 873 3252 neque
898 3187 1012 3236 reditum
1036 3187 1064 3235 in
1088 3188 1203 3250 petrium
1221 3191 1275 3240 sibi

787 3257 1004 3317 intercluderent,
1017 3271 1102 3321 neque
1115 3259 1142 3304 in
1154 3258 1275 3309 hostium

787 3327 840 3377 tels
862 3328 1024 3387 inciderent,
1053 3341 1140 3389 neque
1166 3328 1195 3376 in
1217 3345 1275 3380 mo·

787 3398 824 3446 ris
843 3403 932 3446 essent
949 3401 1090 3461 potestate,
1110 3397 1158 3446 sed
1171 3405 1274 3448 utrum·

787 3481 848 3530 que,
867 3468 889 3516 si
899 3467 958 3514 fieri
968 3471 1067 3529 posset,
1079 3465 1247 3526 effugerent?
1255 3469 1273 3497 ιι
1313 3491 1316 3496 ,

823 3536 854 3585 V.
878 3535 956 3589 1380.
986 3531 1041 3584 scit
1064 3531 1199 3586 ἐκεῖθεν
1221 3551 1272 3600 ση·

786 3609 882 3664 μανεῖ
897 3633 928 3644 —-
948 3600 1056 3666 ειίχαε]
1084 3605 1142 3654 Hoo
1162 3608 1272 3670 quidem

786 3688 839 3724 non
864 3683 904 3724 est
926 3675 995 3724 idem
1020 3675 1100 3736 plane
1127 3678 1200 3738 qrrotl
1226 3673 1273 3726 uis

786 3740 863 3806 εείχαε
886 3744 1006 3808 σημανῶν
1034 3741 1151 3800 ἐκεῖθεν,
1181 3753 1271 3795 temen

785 3815 832 3862 sed
866 3814 933 3863 illud
966 3811 1081 3870 ἐκεῖθεν,
1109 3829 1271 3880 quemquern

785 3885 873 3945 eptius
892 3900 950 3942 eum
968 3884 1081 3934 ertionlo
1104 3886 1271 3949 coniungen-

786 3953 847 4002 duni
863 3961 911 4015 est,
930 3962 1018 4002 temen
1037 3954 1075 4002 ito
1089 3955 1206 4016 positum
1220 3962 1269 4022 est,

786 4025 857 4086 quod
889 4038 941 4073 non
974 4029 1113 4084 praesente
1144 4023 1270 4074 Thoante

784 4107 826 4141 res
844 4093 881 4142 ibi
904 4099 995 4156 gestae
1017 4099 1093 4154 snut,
1117 4093 1164 4142 sed
1189 4095 1269 4143 istinc

782 4162 808 4210 ei
828 4163 930 4212 absenti
949 4163 1112 4219 nuntiantur,
1125 4164 1208 4226 qussi
1218 4179 1266 4212 no·

784 4236 839 4280 stre
866 4231 958 4296 lingue
983 4232 1070 4284 diense
1107 4231 1161 4282 die
1190 4233 1267 4282 Vor-

1360 837 1365 1011 ί

788 2910 858 2972 lent,
881 2917 927 2958 sut
944 2909 1042 2960 emisse
1060 2909 1122 2958 nevi
1144 2913 1277 2962 trucidari
1368 2933 1369 2938 ¹
