2786 4776
294 391 313 448 8
478 473 489 488 1
645 375 953 445 PROOEMIUM.

295 575 406 618 senem
430 573 450 615 a
471 550 627 615 Menelao
657 573 698 616 ex
725 548 841 613 itinere
871 555 1050 614 retractum
1077 569 1158 613 cum
1190 545 1249 610 illo
1272 543 1313 608 nl·

294 635 651 719 tercantemvidemus,
676 659 695 699 a
718 657 785 719 quo
807 633 861 698 ille
885 636 1032 718 queritur
1054 634 1117 699 sibi
1140 631 1315 719 epistolam

296 725 384 788 illam
423 723 576 803 alteram,
617 743 716 805 quarn
745 719 787 785 ab
817 727 1065 805 Agamemnone
1103 719 1150 784 ad
1184 717 1315 804 Clytae-

295 819 472 874 mnestram
495 805 722 892 perferendam
745 807 944 890 accepisset,
968 828 1041 871 esse
1063 815 1232 892 ereptam,
1257 823 1316 885 qua

296 896 462 981 resignata
493 917 511 956 a
534 892 688 958 Menelao
716 893 882 978 posterius
910 893 1178 978 Agamemnonis
1210 888 1316 954 consi·

296 981 375 1046 lium
399 979 565 1066 cognitum
589 999 681 1048 esse„
717 978 847 1041 Evocat
867 998 966 1042 senex
988 980 1281 1064 Agamemnonem
1302 994 1317 1035 e

296 1066 474 1154 praetorio,
497 1073 535 1127 ut
556 1062 597 1128 de
619 1062 739 1127 iniuria
761 1062 827 1128 sibi
848 1084 868 1124 a
888 1061 1042 1128 Menelao
1066 1063 1157 1128 facta
1170 1080 1316 1144 conque-

297 1162 398 1216 ratur.
456 1148 540 1212 Inde
571 1149 691 1216 acerba
719 1149 807 1216 iuter
842 1149 962 1214 fratres
992 1149 1168 1214 altercatio
1204 1147 1316 1224 oritur,

298 1259 382 1322 quae
406 1235 462 1299 ubi
491 1233 534 1298 ad
562 1256 722 1300 summum
755 1233 931 1300 discrimen
955 1235 1130 1320 pervenit,
1169 1232 1317 1298 adfertur

297 1321 449 1404 nuntius,
482 1317 778 1408 Clytaemnestram
800 1341 875 1384 cum
898 1319 1073 1408 Iphigenia
1100 1321 1171 1384 iam
1197 1316 1316 1382 adven·

297 1419 367 1472 tare
391 1419 423 1471 et
445 1428 521 1471 mox
553 1402 685 1488 adfore,
715 1415 753 1469 ut
780 1406 917 1491 nuptiae
946 1405 1087 1472 Achillis
1117 1416 1155 1470 et
1181 1401 1315 1489 Iphige-

297 1493 371 1560 niae
399 1491 434 1557 iu
464 1493 581 1558 castris
612 1491 674 1555 rite
704 1490 863 1556 celebrari
896 1491 1036 1578 possint.
1087 1489 1168 1574 Quo
1202 1487 1315 1554 nuntio

246 1567 251 1580 ⁸
298 1587 436 1664 accepto
458 1575 522 1642 iarn
545 1579 750 1664 Agamemno
779 1599 861 1662 quas
883 1575 924 1641 ad
956 1575 1126 1664 angustias
1158 1573 1315 1640 redactus

297 1666 341 1732 sit
364 1663 536 1750 cognoscit
558 1676 591 1728 et
613 1661 653 1727 de
676 1661 781 1727 salute
803 1661 890 1728 filine
905 1661 1084 1750 desperans
1106 1663 1140 1726 in
1159 1663 1315 1727 maiorem

289 1749 431 1816 'modum
452 1750 603 1814 miseram
626 1748 715 1812 ritae
744 1747 972 1814 condicionem
1000 1769 1040 1814 ac
1067 1758 1197 1814 sortem
1228 1766 1314 1812 suam

298 1837 468 1924 deplorat,
491 1844 529 1898 ut
550 1835 622 1920 ipse
645 1845 776 1918 quoqu'e
799 1833 984 1917 Menelaus,
1008 1835 1066 1918 qui
1090 1845 1193 1916 antea
1217 1831 1314 1896 maxi·

298 1947 350 1988 mo
373 1944 471 2007 opere
493 1919 511 1984 I
535 1919 700 2006 higeniarn
723 1919 955 1986 immolandam
985 1930 1155 2003 suaserat,
1190 1915 1315 1984 miseri·

298 2007 412 2072 cordia
441 2016 476 2072 et
506 1945 617 2070 listris
649 2015 682 2069 et
709 2005 840 2090 puellae
863 2015 1021 2094 cognatae
1043 2015 1233 2074 commotus
1256 2003 1312 2098 iam

298 2093 447 2170 hortetur
473 2092 627 2173 tratrem,
657 2099 694 2154 ut
723 2090 843 2174 filiam,
882 2114 1017 2177 quoquo
1046 2090 1144 2157 modo
1176 2089 1214 2156 id
1248 2087 1313 2152 fieri

297 2179 416 2266 possit,
448 2197 578 2242 servare
601 2176 743 2242 studeat.
788 2175 877 2242 Huic
901 2183 1107 2263 Agamemno
1130 2178 1241 2242 frater
1262 2195 1312 2237 ex·

298 2265 392 2350 ponit
413 2262 477 2328 iam
500 2285 539 2328 eo
563 2286 629 2327 rem
655 2283 727 2327 esse
753 2259 947 2346 adductam,
977 2273 1033 2346 ut,
1062 2262 1126 2328 nisi
1148 2261 1219 2328 sibi
1240 2257 1312 2324 toti-

298 2372 363 2434 que
385 2353 475 2435 genti
498 2371 577 2414 suae
600 2348 777 2435 perniciem
800 2349 910 2434 parari
932 2347 1022 2432 velit,
1045 2347 1228 2438 Iphigenia
1249 2366 1312 2409 aer·

298 2433 367 2502 vari
414 2457 489 2500 osse
512 2457 577 2499 non
600 2431 762 2499 videatur.

385 2457 515 2584 llxinde
539 2519 658 2585 chorus
680 2519 735 2584 ille
751 2519 922 2586 mulierum
938 2515 1209 2586 Chalcidicarum
1226 2537 1310 2582 amo·

298 2627 351 2671 res
380 2603 567 2670 moderatos
603 2603 800 2690 praedicans
823 2605 970 2670 Helenae
997 2615 1128 2692 raptum
1158 2605 1203 2671 ab
1235 2601 1309 2670 Ale·

298 2689 426 2756 xandro
449 2691 593 2755 Troiano
626 2692 748 2754 factum
778 2690 969 2759 detestatur.
1013 2691 1146 2756 Interea
1175 2690 1308 2779 Clytae-

177 2782 180 2792 '
298 2787 442 2842 mnestra
471 2785 570 2860 atque
593 2775 768 2864 Iphigenia
798 2799 872 2842 curn
896 2777 1017 2844 Oreste
1038 2801 1141 2864 puero
1172 2772 1307 2864 parvulo

299 2862 401 2926 rheda
438 2861 597 2928 advectae
635 2861 774 2942 adsunt,
814 2885 896 2946 quas
931 2869 1154 2950 Agamemno,
1192 2874 1231 2928 ut
1261 2879 1307 2924 res

297 2948 390 3030 tulit,
424 2949 504 3012 satis
528 2946 646 3034 frigide
669 2946 792 3032 excipit
814 2958 848 3012 et
870 2949 1017 3014 oratione
1041 2948 1221 3014 admodum
1244 2968 1306 3012 am·

297 3033 400 3120 biguu
428 3055 545 3098 munus
578 3055 597 3097 a
627 3031 892 3120 Clytaemnestra
926 3035 960 3098 iu
995 3035 1117 3122 nuptiis
1154 3029 1305 3100 ineundis

298 3117 502 3208 lungendum
533 3118 730 3204 deprecatus
761 3118 871 3184 uxoris
902 3121 1043 3185 animum
1074 3118 1225 3187 offendit.
1277 3117 1306 3178 ls

298 3206 352 3271 ubi
383 3204 555 3287 discessit,
587 3204 707 3269 chorus
736 3205 879 3270 carmine
907 3228 967 3272 suo
998 3205 1304 3272 Troiae·excidium

297 3290 470 3378 praedicit.
514 3291 589 3356 Hoc
612 3291 754 3356 carmine
778 3301 894 3356 exacto
911 3291 1057 3357 Achilles
1079 3291 1254 3372 accedens,
1273 3295 1306 3350 ut
1373 3337 1374 3360 2

298 3399 370 3444 eum
392 3380 637 3461 Agamemnone
660 3375 700 3439 de
723 3375 820 3441 rebus
844 3375 985 3464 publicis
1009 3375 1210 3462 expostulet,
1233 3373 1305 3460 Cly·
1373 3375 1374 3380 ’

297 3470 530 3526 taemnestrarn
551 3463 696 3544 invenit,
713 3484 747 3544 ⁴a
770 3483 836 3546 qua
867 3481 932 3546 quo
956 3461 1029 3546 ipsa
1051 3463 1187 3528 consilio
1210 3461 1305 3526 adve-

298 3543 383 3609 nerit
403 3543 552 3626 edoctus,
578 3544 871 3634 Clytaemnestram
887 3547 1083 3634 interposito
1105 3547 1237 3618 nomiae
1250 3565 1305 3612 sao

261 3645 264 3652 ’
298 3627 339 3692 ab
365 3632 610 3712 Agamemnone
640 3631 813 3714 deceptam
842 3655 915 3698 esse
943 3629 1135 3720 cognoscit,
1164 3634 1305 3716 itemque

297 3712 560 3800 Clytaemnestra
589 3717 688 3782 rerba
718 3717 780 3782 sibi
812 3719 970 3784 amarito
993 3742 1064 3784 esse
1088 3717 1165 3784 data
1187 3717 1305 3786 intelli·

297 3799 356 3888 git.
411 3797 540 3865 Interea
564 3823 665 3868 senex
687 3799 741 3865 ille
764 3800 890 3885 fidelis,
921 3827 1015 3890 quern
1037 3805 1141 3872 altera
1162 3803 1219 3870 illa
1241 3802 1304 3888 epi·

190 3967 196 3978 „
297 3886 382 3952 stola
411 3883 452 3948 ad
476 3881 775 3972 Clytaemnestram
805 3889 1000 3972 perferenda
1027 3892 1214 3977 privaverat
1236 3891 1304 3956 Me-

296 3973 430 4052 nelaus,
461 3971 639 4038 intervenit
667 3983 701 4036 et
729 3971 1010 4062 Clytaemnestrae
1040 3977 1174 4042 crudele
1205 3973 1303 4062 patris

196 4059 199 4068 '
295 4058 469 4124 consilium
499 4059 605 4145 aperit
632 4057 905 4146 Iphiceniamque
935 4060 977 4125 ad
1008 4061 1142 4128 eaedem
1165 4061 1304 4128 destina-

296 4156 362 4210 tam
385 4167 458 4211 esse
480 4143 571 4210 dicit.
616 4144 686 4214 Iam
710 4111 973 4233 Clytaemnestra
994 4172 1103 4214 rernm
1125 4147 1301 4214 futurarum

295 4239 382 4296 metu
412 4233 580 4316 perculsa,
612 4255 712 4317 quum
741 4253 775 4298 se
799 4234 950 4300 omnibus
979 4234 1112 4318 amicis,
1144 4233 1298 4319 aquibus
