2730 4774
630 363 940 430 ΕΥΡΙΠΙΔΟΥ

337 546 426 620 μισοῖ
453 560 487 616 γι
515 533 600 622 πρὸς
624 537 720 602 θεῶν
745 541 802 606 καὶ
828 535 927 618 τίνεις
952 539 1080 631 μητρὸς
1108 545 1205 624 δίκας

336 641 473 722 μανίαις
496 635 646 702 ἀλαίνων
672 639 727 704 καὶ
755 633 887 730 φόβοις.
913 644 947 707 τί
971 641 1152 732 μαρτύρων

337 736 448 803 ἄλλων
474 735 612 804 ἀκούειν
636 740 686 802 δεῖ
711 734 813 823 μ’,θ
841 737 868 825 γ’
897 745 1031 830 ιὶςορᾶν
1056 744 1171 834 ιιιίρας

338 835 382 915 ὡς
408 827 470 904 οιίν
496 833 542 904 ἂν
569 839 667 930 εἰδῇς,
695 841 875 920 Μενέλεως,
901 855 1010 911 τοῖσιν
1036 849 1135 923 θεοῖς
1354 933 1355 940 ¹

337 938 383 1024 μὴ
410 935 527 1024 ιιρᾶσσ’
558 935 698 1017 ἐναντί’,
723 935 863 1028 dionisio
892 945 1017 1012 τοῦτον
1043 951 1171 1014 θέλων·
1225 959 1288 1024 535
1354 943 1355 1010 3

336 1045 374 1105 ila
400 1035 432 1105 δ’
462 1035 521 1104 ὑπ’
543 1035 666 1105 ’ἀστῶν
692 1047 1000 1130 καταφονευθῆναι
1026 1055 1170 1136 πέτροις,
1354 1033 1355 1068 r

339 1137 358 1220 ἢ
385 1135 432 1225 μὴ
458 1137 604 1222 ’ulliusve
630 1139 890 1227 Σπαρτιάτιδος
911 1143 1056 1230 χθονός.
1141 1167 1145 1170 ·

338 1237 497 1326 θυγάτηρ
525 1236 555 1306 d'
587 1236 647 1322 ἐμὴ
674 1241 828 1310 θανοῦσ’
858 1246 999 1328 ἔπραξεν
1026 1251 1158 1320 ἔνδικα·

335 1337 414 1406 ἀλλ’
447 1339 520 1424 οὐχὶ
547 1335 632 1425 πρὸς
657 1339 752 1407 τοῦδ’
784 1339 871 1420 οἰκὸς
897 1335 939 1426 ἦν
963 1345 1074 1428 αὐτὴν
1100 1351 1235 1418 θανεῖν.

337 1437 399 1522 ἐγὼ
419 1443 460 1506 ’δὲ
486 1429 593 1538 τᾶλλα
617 1441 784 1530 μακάριος
809 1444 921 1534 πέφυκ’
952 1445 1052 1544 ἀνήρ,
1222 1462 1288 1527 540

338 1537 428 1622 πλὴν
450 1547 495 1617 εὶς
522 1545 732 1626 θυγατέρας·
760 1547 862 1612 τοῦτο
891 1546 924 1611 δ’
955 1548 1016 1616 οὐκ
1043 1547 1245 1636 εὐδαιμονῶ.

332 1735 361 1794 V,
380 1734 441 1788 531.
475 1720 615 1803 μἰσοῖ[Β].
649 1738 711 1802 μισῇ
737 1741 827 1790 ceteri.
854 1757 883 1806 γι
903 1741 979 1806 libri,
1000 1758 1025 1793 ιι
1042 1743 1232 1814 Personus,
1252 1747 1287 1801 οὐ

261 1804 295 1856 θ.
314 1806 531 1856 Hermsunus.
1354 1853 1355 1872 ρ

331 1875 363 1924 V.
382 1873 442 1926 534.
459 1875 521 1928 535.
556 1874 637 1924 habet
660 1874 874 1929 scholiastes
894 1879 1025 1946 Apellen.
1048 1881 1088 1932 11.
1106 1881 1167 1937 253.
1193 1877 1245 1934 οὖν
1269 1903 1287 1938 n

261 1944 347 2008 prima
363 1959 443 1994 mann
462 1961 543 2008 snpra
561 1945 688 2008 seriptum
706 1947 734 1994 in
751 1945 781 1995 F.
800 1946 904 1997 θεοῖσιν
922 1947 952 1998 F.

332 2013 361 2062 V.
380 2013 442 2066 536.
460 2013 520 2066 537.
556 2013 606 2062 hos
625 2029 730 2076 versus,
750 2031 817 2078 quos
840 2017 939 2066 habent
961 2025 1074 2084 utroque
1097 2022 1157 2072 loeo
1176 2029 1203 2072 et
1222 2025 1285 2074 libri
1338 2076 1340 2081 ,

260 2097 352 2132 omnes
371 2091 397 2132 et
415 2081 630 2132 Scholiastse
652 2095 816 2147 agnoscunt,
835 2101 849 2132 e
873 2103 915 2134 vv.
941 2087 993 2140 625
1017 2105 1056 2153 sq,
1079 2090 1130 2140 hue
1152 2100 1284 2145 retractos

260 2153 481 2202 existimaverunt
501 2151 590 2211 multi,
617 2151 645 2198 in
667 2151 709 2200 his
734 2154 767 2200 A.
787 2153 957 2224 Nauekins
978 2157 1284 2225 χ(111111011110111118,

162 2247 168 2254 ·
260 2218 293 2270 G.
311 2220 518 2270 Her'mennus
541 2219 654 2268 alterum
676 2221 773 2270 omisit.
809 2221 875 2273 Sine
897 2225 996 2276 idonea
1014 2242 1103 2280 eausa.
1141 2229 1170 2280 V.
1189 2232 1284 2283 adnot.

260 2303 309 2338 exe
330 2297 364 2338 et.
1135 2307 1137 2312 ⁴

311 2303 363 2407 gv.
382 2354 443 2409 538.
479 2351 567 2404 ἔνδικα
583 2355 645 2404 libri
667 2359 773 2418 praeter
792 2359 831 2420 A,
849 2359 876 2406 in
896 2377 949 2424 quo
969 2380 1001 2412 κα
1019 2365 1047 2418 in
1067 2379 1162 2416 rasore
1178 2374 1234 2434 est,
1254 2377 1285 2418 ut
1354 2385 1355 2466 ρ

260 2423 368 2476 ἐνδίκωο
385 2426 525 2488 οοιίροοια,
538 2425 620 2474 fuisse
644 2420 781 2487 videatur,
799 2429 871 2490 quod
893 2435 1014 2494 reposuit
1032 2433 1282 2490 Kirohhoilius.
1354 2473 1355 2486 .

328 2495 361 2545 V.
380 2493 441 2547 539.
478 2487 555 2542 τοῦδ’
574 2486 607 2557 ἦν
624 2487 695 2542 elude
713 2493 807 2542 θανεῖν
825 2496 855 2546 F.
1354 2487 1355 2540 3

330 2563 360 2613 V.
379 2561 439 2616 540.
458 2561 518 2614 541.
554 2563 728 2626 Diogenes
747 2563 899 2616 Laertius
924 2565 1030 2634 V11.p.
1050 2570 1283 2626 218.etin10m.
1354 2575 1355 2638 ᾗ

259 2641 329 2682 mete
352 2633 484 2695 Diogenis
507 2635 616 2682 nomine
642 2633 777 2696 adscripto
803 2633 972 2688 Stobaeus
994 2639 1056 2690 flor.
1079 2641 1213 2696 LXXIV.
1237 2644 1281 2699 10.
1354 2649 1355 2712 ᾖ

259 2709 277 2750 t.
295 2702 341 2753 lll.
360 2719 385 2768 p.
404 2701 448 2754 80.

295 2870 390 2926 V.537.
411 2863 740 2932 Σοαριιάτιδοτχθσ-
793 2873 882 2922 studet
901 2889 933 2923 ne
947 2873 1073 2926 Orestem
1091 2879 1186 2928 iuvere
1204 2881 1280 2932 velit·

259 2937 330 3006 νόο]
352 2937 384 3002 ἢν
402 2934 531 2988 arietinae
554 2933 742 3000 rodericus-eit
793 2942 833 2990 Ao
859 2945 905 2991 vix
929 2959 1088 3010 quemquem
1110 2951 1137 2998 in
1162 2951 1220 2999 vita
1236 2965 1281 3000 eo·

259 3006 456 3073 noolnal‘dorua.
475 3004 742 3058 SCHOLIASTE&
792 3012 1101 3066 tidinari-altercantem
1138 3018 1167 3068 iu
1209 3019 1293 3070 huno·

258 3075 337 3136 Quod
363 3086 452 3129 autern
482 3077 553 3126 hune
583 3084 609 3124 et
634 3091 741 3141 praece·
792 3081 899 3130 modum
911 3083 1036 3142 audieris,
1049 3093 1078 3134 ut
1096 3101 1150 3136 non
1170 3091 1280 3153 sseplus
1344 3107 1347 3116 ·

257 3148 363 3197 dentem
391 3162 496 3197 versum
524 3144 619 3200 ,omitti
655 3148 740 3196 critici
791 3157 895 3212 repetet
914 3151 971 3213 ipse
990 3155 1028 3216 id,
1041 3155 1068 3204 in
1079 3171 1132 3220 qno
1150 3171 1281 3210 summam
1354 3205 1355 3208 ,

257 3218 399 3266 voluerunt
411 3216 546 3268 autetiam
558 3213 627 3264 hune
645 3217 740 3278 solum,
791 3219 831 3267 rei
850 3221 981 3269 contineri
1000 3225 1142 3284 existimet,
1156 3233 1185 3274 ut
1203 3229 1280 3291 inge·
1354 3239 1355 3260 ³

256 3288 284 3336 in
308 3302 361 3352 qua
383 3286 514 3338 sententie
537 3283 589 3332 fuit
610 3281 643 3336 G.
665 3285 741 3334 Her⁴
793 3289 897 3337 niosum
938 3292 1043 3356 poetam
1083 3295 1281 3359 reprehendere
1354 3311 1355 3314 ’

187 3377 189 3383 ·
257 3371 405 3415 mannus,
434 3357 480 3420 qui
513 3351 645 3402 intellexit
674 3369 698 3402 e¹
715 3370 740 3406 v.
791 3357 1280 3428 nullomodopossimus‚quodvitae
1354 3393 1355 3428 3

255 3424 315 3478 364.
340 3441 468 3490 apparere
496 3424 608 3471 alterum
635 3437 741 3472 versum
791 3427 943 3477 cotidianae
962 3432 1104 3494 imaginem
1116 3434 1194 3496 quasi
1209 3437 1280 3486 veri-

256 3493 356 3543 diotnm
381 3497 433 3544 iarn
457 3499 600 3542 anteesse
628 3507 644 3540 a
668 3491 741 3555 Tyn·
791 3497 854 3544 tntis
884 3501 1018 3559 speculum
1053 3503 1081 3552 iu
1107 3501 1201 3554 fabula
1231 3521 1281 3556 sna

256 3564 348 3624 dureo,
369 3570 440 3612 reete
458 3563 511 3610 iam
525 3559 557 3608 R.
568 3561 740 3612 Porsonus
790 3566 890 3615 imitari
908 3581 961 3617 non
980 3570 1140 3634 dedignatus
1158 3572 1251 3624 fuerit

255 3640 282 3681 et
300 3630 333 3680 G.
353 3633 386 3680 H.
407 3629 608 3686 Sohnelerus
631 3631 682 3680 hoe
702 3632 741 3679 vi·
826 3635 858 3684 V.
883 3633 943 3686 545.
987 3633 1073 3688 ὅπου
1109 3639 1143 3690 σὲ
1176 3641 1279 3703 μέλλοι
1354 3689 1355 3694 ,

255 3702 361 3764 derunt,
386 3700 458 3764 quod
482 3701 642 3762 gravissima
670 3714 739 3752 corn-
791 3699 851 3766 σήν
889 3719 919 3752 τι
959 3705 1111 3773 λυπήσειν
1158 3709 1278 3780 φρένα]
1354 3707 1355 3756 ἓ

255 3771 365 3820 minatio
384 3771 411 3819 in
429 3769 472 3818 his
491 3769 579 3818 verbis
592 3770 740 3818 continere·
790 3771 949 3823 Habethee
966 3781 1054 3828 oratio
1073 3779 1221 3846 hominnm,
1240 3790 1279 3844 ut,
1354 3779 1355 3832 ἕ

255 3848 313 3902 tur,
339 3853 370 3888 ee
395 3847 467 3888 recte
493 3845 573 3900 atque
596 3837 690 3886 ordine
714 3843 740 3885 et
790 3841 813 3889 si
832 3843 1051 3910 quandoogitur
1064 3849 1097 3898 de
1114 3850 1206 3913 aliqua
1216 3868 1279 3916 per·
1354 3849 1355 3914 f

255 3909 387 3958 hocloco
417 3905 494 3972 poni,'
518 3909 563 3955 ubi
591 3906 739 3955 hortationi
780 3923 858 3958 sone
876 3911 1027 3973 its,ntn0n
1047 3919 1134 3968 solum
1151 3919 1211 3982 ipse
1230 3923 1280 3972 ad·
1354 3915 1355 3960 Ϊ

253 3992 317 4028 surae
342 3981 451 4040 gravius
475 3976 581 4039 pondus
606 3975 670 4023 addi
692 3989 739 4022 vo·
789 3978 908 4044 finiatur,
936 3986 984 4034 sed
1021 3989 1101 4038 etiarn
1129 3989 1279 4052 singularis
1354 4031 1355 4046 ,

252 4047 302 4098 luit
321 4047 480 4110 Tyndareus
508 4050 534 4092 et
552 4043 624 4092 infre
643 4059 668 4092 v.
689 4041 752 4095 625.
790 4049 848 4098 eius
866 4065 908 4100 res
928 4061 973 4104 out
990 4059 1060 4107 rotie
1079 4062 1126 4107 eut
1148 4072 1231 4110 eausa
1248 4062 1280 4111 in

252 4129 292 4181 sq.
307 4116 401 4179 repeti,
415 4117 468 4179 ubl¹
479 4118 619 4175 postquam
630 4109 739 4162 Oresten
789 4131 898 4170 censum
916 4131 1040 4190 vocetur,
1051 4134 1092 4176 ut
1113 4127 1151 4176 ibi
1171 4135 1279 4193 etper·
1354 4177 1355 4186 ,

251 4187 308 4236 eius
333 4185 450 4234 orationi
482 4181 644 4243 obloquntus
672 4189 739 4244 eret,
789 4200 883 4239 sonem
901 4192 986 4254 ipsam
1005 4202 1032 4244 et
1043 4209 1099 4244 rem
1110 4203 1157 4246 sut
1167 4211 1280 4251 eausam
1354 4231 1355 4254 1

250 4257 303 4305 inm
323 4253 411 4304 denuo
430 4250 581 4302 Menelaum
601 4249 738 4310 dehortari
788 4257 862 4320 eius,
880 4273 948 4322 quoe
971 4265 1139 4327 potissimum
1158 4280 1278 4320 eommo-
1354 4285 1355 4350 ρ
