2790 4774
272 367 534 434 ΙΨΙΓΕΝΕΙΑ
561 370 602 433 Η
626 371 686 433 Eli
716 317 939 437 ΤΑΥλὊΙΣ.
1050 384 1107 442 lll

451 537 491 600 Π
506 535 574 600 VA
584 538 652 601 ΑΔ
659 539 700 602 Η
706 537 752 601 Σ.

193 622 217 697 ὦ
245 630 375 722 ῥᾳδίοις
402 631 532 720 ὅρκοισι
557 634 787 721 περιβαλοῦσά
812 657 868 721 με·

192 732 354 802 κάλλιστα
380 735 410 801 δ’
441 734 571 818 ὀμόσας
598 735 639 803 οὐ
667 737 773 804 πολύν
798 737 904 822 σχήσω
930 737 1064 822 χρόνον,

104 831 166 907 790
193 831 254 900 τὸν
279 833 308 902 δ’
340 834 442 922 ὅρκον
469 834 508 901 ὃν
535 835 702 922 κατώμοσ’
734 838 973 922 ἐμπεδώσομεν.
1045 850 1108 911 775

193 935 282 1014 ἰδού,
307 945 394 1023 φέρω
420 961 473 1002 σοι
500 940 615 1002 δέλτον
641 937 829 1023 ἀποδίδωμί
856 963 899 1018 τε,

189 1032 334 1122 Ὀρέστα,
362 1041 459 1118 τῆςδτ
486 1040 545 1117 σῆς
570 1039 771 1120 κασιγνήτης
798 1041 902 1124 πάρα.

450 1139 598 1207 ΟΡΕΣ
609 1137 742 1205 ΤΗΣ.

191 1238 343 1320 δέχομαι·
373 1241 489 1323 παρεὶς
518 1241 551 1304 δὲ
578 1237 786 1324 γραμμάτων
813 1238 1006 1326 ὃιαπτυχεὶς,

190 1334 251 1415 τὴν
275 1333 405 1416 ,ἡδονὴν
430 1337 536 1425 πρῶτ’
568 1339 609 1404 οὐ
638 1337 752 1424 λόγοις
778 1339 974 1425 αἱρήσομαι.

102 1431 164 1508 795
190 1424 213 1502 ὦ
241 1435 389 1526 φιλτάτη
416 1466 473 1523 μοι
501 1438 653 1522 σύγγον’,
679 1444 943 1526 ἐκπεπληγμένος
1043 1455 1108 1518 '180

190 1531 279 1621 ὅμως
305 1537 336 1606 o'
367 1538 499 1624 οὶπίστιρ
526 1540 714 1624 περιβαλών
738 1544 894 1626 βραχίονι

190 1645 233 1716 εὶς
260 1647 381 1731 τέρψιν
407 1639 480 1724 εἶμι,
509 1644 706 1722 πυθόμενος
733 1641 910 1726 θαυμάστ’
941 1649 1024 1727 ἐμοί.

28 1733 33 1828 λ
498 1745 531 1806 Χ
546 1743 701 1808 ΟΡΟΣ.

29 1829 30 1840 ’
189 1835 281 1918 ξεῖν’,
307 1837 348 1906 οὐ
375 1843 508 1918 δικαίως
536 1845 594 1922 τῆς
620 1845 708 1909 θεοῦ
737 1839 799 1923 τὴν
826 1843 1017 1928 πρόςπολον

186 1943 333 2025 χραίνεις
357 1938 519 2020 ἀθίκτοις
546 1942 735 2030 περιβαλών
761 1949 899 2022 πέπλοις
921 1953 1013 2028 χέρα.

101 2127 160 2180 audt'
181 2131 233 2183 ἐστι·
259 2129 306 2184 τᾶν
329 2133 453 2186 δέλτοισιν
476 2135 678 2203 ἐγγεγραμμένα,
703 2139 774 2190 unde
799 2134 856 2190 τάδ’
880 2137 932 2188 ἐστὶ
951 2131 997 2188 edu
1018 2152 1107 2188 eorre-

101 2208 160 2251 etum
177 2211 216 2254 est
233 2219 284 2269 pro
304 2219 349 2267 eo,
378 2208 450 2271 quod
469 2210 497 2257 iu
518 2209 653 2273 Euripidis
670 2209 747 2261 libris
766 2217 819 2262 esi:
844 2204 899 2260 τάδ’
918 2206 987 2258 ἐστὶν
1005 2205 1033 2257 ἐν
1052 2204 1107 2258 δὲλ-
1191 2278 1198 2287 .

101 2284 179 2322 totow.
347 2321 396 2378 ΜΕ

160 2376 188 2426 V.
207 2375 267 2431 774.
304 2370 414 2438 ὅμόσασ’
433 2377 501 2429 cod.
521 2379 549 2430 C.

157 2445 188 2500 V.
205 2447 266 2500 778.
303 2441 450 2510 ἆναπτογάε
471 2448 663 2501 Badhamus.

159 2515 187 2563 V.
206 2516 280 2570 780..
303 2515 509 2582 ἐκπεπληγμένοι
527 2520 597 2570 libri.
618 2516 810 2582 ἐκπεπληγμένη
827 2517 992 2568 Musurus.

160 2584 187 2633 V.
207 2585 267 2638 781.
304 2581 373 2646 ὅμωε
394 2581 417 2637 σ’
439 2579 537 2654 ἀπίστῳ
557 2589 787 2640 Marklandus.
808 2581 1082 2648 ὅμωεᾶπιστιῦλίοτί.
1184 2601 1195 2608 ·

159 2652 189 2702 V.
205 2655 266 2708 784.
301 2658 418 2720 χραίνοιε
439 2655 506 2711 Cod.
527 2657 557 2709 G.

128 2788 158 2841 V.
175 2790 233 2844 770.
271 2789 379 2841 donula
411 2789 443 2840 λε
478 2785 570 2856 ἡμᾶς
619 2793 682 2844 hine
703 2799 774 2842 reete
798 2794 923 2858 deinceps
949 2794 1029 2844 scribi
1048 2788 1106 2844 κᾶλ-

100 2855 154 2922 κιὲ.1
175 2863 240 2912 Vide
261 2877 330 2926 quae
353 2863 469 2912 diximus
489 2879 570 2928 supra
621 2863 692 2912 λισια
717 2857 743 2910 δ’
768 2857 879 2922 ὀμόσειε,
904 2879 958 2913 uon
984 2856 1106 2924 ὀμόσαι’,

101 2927 129 2975 ad
146 2943 167 2976 v.
183 2929 207 2982 8.
227 2948 252 2995 p,
271 2932 314 2984 20.
622 2933 695 2997 quod
714 2939 754 2980 est
778 2933 984 2984 adsimulatione
1002 2933 1036 2982 ad
1059 2948 1106 2983 an-

128 2995 158 3048 V.
176 2999 219 3052 771
238 3017 280 3063 sq.
303 2992 367 3049 αἵδ’
385 2997 568 3067 ἐπιστολαί]
622 3002 746 3052 teeedens
766 3001 944 3064 περιβαλοῦσα
969 3004 1106 3064 scriptum,

100 3059 154 3114 Non
172 3069 411 3120 recteReiskius
430 3070 495 3121 haee
512 3071 569 3120 vei·
622 3079 651 3119 ut
674 3070 703 3120 id
725 3071 839 3134 quodam
869 3071 948 3121 modo
974 3072 998 3120 ei
1022 3085 1106 3134 oppo-

100 3130 129 3181 ba
153 3151 207 3187 oum
239 3143 287 3202 iis,
318 3155 385 3203 quae
415 3149 571 3204 sequuntur,
622 3147 738 3200 neretur,
758 3140 893 3203 quodilla
912 3142 972 3202 ipsa
990 3139 1107 3204 appella·

101 3205 213 3271 coniungi
233 3210 325 3261 voluit.
346 3209 419 3258 Bene
438 3210 571 3259 sehabet:
622 3213 695 3259 tione
725 3217 782 3258 erat
813 3209 1000 3271 signifieatum.
1043 3206 1106 3256 Non

101 3268 146 3318 αλλ’
170 3273 311 3336 ἐπιστολαί,
331 3293 378 3342 ρετ
394 3293 423 3328 se
441 3280 571 3343 positum:
622 3281 692 3328 onim
720 3274 836 3325 utilitum
868 3272 963 3336 ὀμόσαι
994 3276 1107 3326 dicendo

100 3338 176 3393 Haeo
194 3357 271 3398 sunt
289 3349 449 3409 mandata,
468 3346 570 3396 ἐπιστα·
623 3354 680 3398 erat
712 3345 866 3410 Iphigenia,
893 3347 969 3396 euius
997 3346 1040 3394 ius
1065 3346 1106 3394 iu·

101 3407 134 3456 λιιλ
151 3417 230 3479 magis
249 3418 356 3482 proprio
382 3418 571 3479 intelligendae
622 3416 733 3467 randum
754 3415 872 3464 noudum
892 3422 949 3466 erat
964 3415 1106 3478 expletum,

101 3489 163 3544 sunt,
180 3485 257 3536 haee
276 3494 352 3536 sunt
371 3502 452 3552 quae
471 3489 502 3536 in
522 3503 570 3538 eo·
622 3487 669 3537 sed
688 3484 818 3548 Pylades,
837 3484 882 3548 qui
900 3485 1106 3549 pulcherrimum

101 3547 216 3604 dioillis
239 3558 404 3620 incripta
422 3565 507 3607 sunt.
620 3561 765 3621 propterea
787 3569 816 3603 se
839 3557 969 3624 inpavisse
1000 3555 1041 3604 ius
1066 3556 1106 3604 iu·

130 3620 158 3669 V·
173 3623 228 3677 773.
250 3617 270 3673 nl
291 3621 420 3692 ῥᾳδίοιε
439 3623 571 3690 ὅρκοισι
621 3627 733 3676 randum
756 3625 838 3684 dixit,
863 3625 934 3687 quod
953 3634 1006 3676 tam
1029 3623 1106 3674 luciis

102 3691 571 3759 Μοιγλαλοῦσάμε.]ΒοοεεΜετλ·
621 3697 663 3758 id,
688 3694 759 3758 quod
785 3695 887 3744 iuratus
906 3696 934 3743 in
953 3709 981 3744 se
1000 3708 1105 3758 recepe-

101 3752 203 3812 laudus
233 3771 259 3812 ot
287 3763 464 3815 Seidlerus
498 3766 571 3814 vide·
619 3771 676 3826 rat,
700 3771 837 3828 praestare
855 3770 882 3812 et
904 3765 1031 3829 perficere
1055 3778 1101 3827 po·

100 3833 163 3902 runt,
186 3831 234 3882 hae
259 3835 439 3899 appellatione
465 3845 571 3884 senten·
619 3837 678 3885 tuit.
827 3839 837 3856 ⁸
919 3881 932 3890 ,

101 3897 154 3944 uam
176 3914 221 3962 per
245 3919 273 3952 se
300 3905 383 3966 effici,
407 3905 486 3953 utin
514 3903 569 3954 So·
656 3905 687 3952 V.
708 3899 767 3954 781.
805 3895 889 3962 ὅμοιτ
922 3895 949 3950 α’
982 3895 1105 3964 ἀπίστῳ

101 3961 218 4022 phoelis
237 3971 350 4027 Philoot.
370 3972 447 4027 1402.
472 3964 568 4037 ολγεν-
621 3966 808 4037 περιβαλών
830 3969 999 4033 βθῦλῖθλῑ]
1027 3966 1106 4026 Q¹¹⁰d

26 4041 27 4044 ¹
102 4037 165 4082 ναῖον
188 4037 297 4104 ελρηκὼτ
325 4043 400 4101 duos,
433 4049 459 4092 et
490 4058 570 4107 saepe
621 4040 852 4092 Doederlinus
879 4041 907 4088 in
936 4039 1040 4087 variar.
1069 4037 1105 4084 le-

101 4099 171 4180 ?Vffl,
201 4118 230 4157 ut
254 4115 281 4162 in
308 4113 361 4163 ista
388 4113 570 4176 appellatione
620 4114 702 4162 etion.
727 4110 826 4160 decade
854 4125 880 4171 p.
904 4106 930 4160 5.
961 4112 1107 4168 negaverat

100 4169 157 4222 illud
174 4175 256 4240 ipsum
280 4183 472 4243 contineretur,
497 4183 569 4246 quod
619 4182 689 4244 γτρσλ
709 4177 857 4242 περιβαλεῖν
876 4193 930 4226 τινα
949 4176 1001 4224 dici
1016 4189 1105 4237 posse,

100 4247 192 4300 poteret
213 4251 292 4303 verbo
315 4267 364 4303 suo
391 4253 570 4317 pronuntiari,
620 4251 710 4302 attulit
736 4246 769 4302 G.
789 4247 999 4312 Hermannus
1018 4241 1105 4296 Orosi.
