2786 4776
267 380 523 447 ΙΦΙΓΕΝΕΙΑ
550 383 590 448 Η
617 383 678 450 ΕΝ
706 383 888 454 ΑΥΛΙΔΙ.

187 544 281 631 μάλα
309 572 363 616 τοι
387 550 496 637 γῆρας
520 546 651 635 τούμὸν
676 546 814 620 ἄϋπνον
850 593 855 600 -

189 649 245 714 καὶ
273 646 325 714 ln’
355 647 557 742 ὀφθαλμοῖς
580 648 640 732 ὀξὺ
666 653 837 738 πάρεστιν.

405 756 437 818 Α
444 755 477 818 Γ
482 759 515 820 Α
526 758 566 820 Μ
575 757 606 820 Ε
613 757 654 822 Μ
660 754 734 823 ΝΩ
742 757 787 822 Ν.

191 855 240 928 τίς
264 849 340 918 ποτ’
371 849 428 939 ἄρ’
458 851 567 941 ἀστὴρ
593 851 649 922 ὅδε
675 855 884 942 nepthuim

412 957 451 1022 Il
456 957 522 1022 PE
526 957 564 1022 Σ
569 957 603 1021 Β
617 957 643 1022 Υ
655 957 782 1025 ΤΗΣ.

189 1053 318 1138 criptae,
344 1052 439 1139 Ιγγύς
465 1060 526 1138 τῆς
550 1056 746 1146 intendenti

37 1334 48 1358 ,
84 1285 154 1335 satis
173 1283 287 1334 adridet.
324 1285 392 1336 Vide
410 1293 498 1339 temen
515 1291 587 1342 inire
604 1291 667 1342 adu.
686 1295 788 1352 exeget.

160 1354 192 1404 V.
211 1353 238 1408 4.
275 1351 341 1416 μάλα
359 1372 398 1406 ror
416 1359 578 1411 Heethius
596 1369 623 1414 et
640 1361 834 1410 Berueslue.
854 1351 920 1417 μάλα
938 1354 967 1406 at
985 1358 1056 1411 libri.
1082 1383 1087 1392 ·

159 1423 192 1473 V.
211 1424 238 1476 6.
273 1426 681 1496 leudetTheonSmyru.16.
840 1445 844 1452 “

52 1499 59 1512 ·
156 1491 191 1543 V.
204 1493 228 1548 7.
241 1493 265 1549 8.
285 1499 450 1547 continuavit
458 1501 653 1562 Agamemnoni
663 1497 823 1559 Bromius,
834 1494 891 1548 seui
900 1494 1020 1544 tribuunt
1028 1495 1099 1546 libri.

81 1665 227 1714 neminem.
253 1667 311 1718 Hac
330 1669 389 1732 ipse
408 1670 494 1718 nuntii
514 1686 573 1721 ora·
609 1671 788 1734 ‘tertiapurte
806 1666 890 1716 nostri
909 1663 1099 1728 hemisphaerii
1171 1656 1172 1668 ¹

83 1735 163 1784 tione
182 1733 264 1786 fretus
283 1739 335 1786 iam
349 1743 513 1802 Agamemno
533 1743 593 1802 ing
624 1739 722 1789 Sirium
748 1739 847 1786 distare
871 1751 887 1784 a
906 1733 1049 1796 vergiliis,
1076 1736 1099 1784 si

84 1811 221 1866 terrogssit
623 1811 656 1859 de
685 1823 782 1859 occasu
812 1806 928 1854 siderum
957 1804 1098 1866 diceretur,

123 1873 157 1923 V.
177 1873 203 1926 6.
234 1872 274 1938 tir
298 1870 369 1924 ποτ’
391 1869 443 1940 ἄρ’
466 1869 571 1941 δοτὴρ
621 1894 674 1928 non
700 1892 779 1942 posse
803 1874 930 1938 vergiliis
952 1874 1099 1922 ‘occidenti-

85 1937 147 1992 ὅδε
166 1941 384 2009 πορθμεύεις]
403 1944 570 2008 Quaenam
620 1949 669 1997 bus
680 1947 780 1997 Sirium
791 1946 819 1992 in
830 1956 932 1998 summo
945 1943 1019 1990 caelo
1031 1957 1098 1996 asae.

84 2014 408 2074 igiturhuecstelle
426 2023 476 2066 est
489 2032 568 2081 quee
620 2017 754 2082 Opposuit
764 2013 796 2066 G.
814 2013 1019 2064 Hermennue
1037 2012 1098 2075 hoe,

84 2083 291 2133 transmeati
322 2083 381 2145 Qua
399 2087 504 2149 quidem
522 2103 570 2138 vc·
620 2089 702 2137 verba
720 2087 756 2136 tu
773 2080 972 2148 praeponeres
990 2082 1096 2146 itepre·

84 2167 119 2202 ce
136 2162 206 2202 recte
225 2155 294 2204 vidit
312 2153 345 2205 G.
361 2155 568 2207 Hermauuus
620 2158 716 2208 menda
730 2155 826 2215 videri,
845 2154 969 2216 utipsum
983 2153 1098 2201 medium

83 2222 157 2272 nihil
181 2225 253 2272 eliud
278 2225 408 2275 sciscitari
427 2228 569 2289 Agamem·
619 2229 685 2278 eseli
704 2228 792 2276 locum
809 2223 1033 2285 intelligeremus,
1051 2222 1098 2270 sed

83 2306 185 2342 nonem
203 2295 257 2342 uisi
280 2304 384 2357 quote
402 2296 466 2346 iam
485 2296 569 2348 hore
619 2298 685 2350 nihil
716 2293 790 2346 eliud
818 2293 870 2358 dici
901 2291 952 2340 uisi
979 2292 1096 2342 nondum
1128 2321 1132 2330 ·

84 2369 193 2412 esset.
238 2363 297 2417 Hac
314 2367 418 2414 ratione
441 2365 568 2428 iutelligi-
636 2367 767 2418 rotimum
786 2362 892 2414 occesui
911 2375 970 2410 esse
988 2360 1095 2412 Sirium.

84 2439 131 2480 tur
147 2431 175 2480 id
193 2443 297 2495 tempus
314 2436 400 2483 noctis
419 2448 488 2484 nune
501 2449 568 2498 esse,
617 2383 676 2500 {go
695 2437 747 2484 hoc
765 2434 848 2490 addo,
875 2446 908 2480 ue
926 2431 972 2480 ills
990 2431 1096 2494 quidem

84 2515 143 2566 quo
161 2507 220 2550 tuto
237 2504 320 2551 emitti
339 2505 454 2552 'nuntius
472 2507 567 2570 possit,
618 2499 789 2569 verbatyytr
802 2497 1007 2566 εῆεὲπιαπόρου
1022 2498 1095 2550 ilist-

82 2585 167 2635 quum
197 2573 277 2622 duces
305 2579 333 2622 et
358 2574 456 2624 milites
486 2577 566 2625 etiem
617 2570 1095 2639 tidorpremendevideri,quibusse·

84 2653 159 2692 nuuc
176 2641 323 2705 dormient,
351 2651 378 2692 et
402 2650 565 2708 spectatores
616 2654 777 2696 nextantum
788 2642 1094 2704 modosiguaqueedam

82 2723 142 2760 une
158 2720 307 2773 agnoscunt
324 2729 378 2776 prro
397 2716 482 2764 noctis
500 2722 566 2765 tem·
615 2718 642 2765 in
657 2717 742 2776 caelo,
759 2718 913 2778 queeersnt
925 2711 1095 2774 praeteralie

81 2793 153 2844 pore
172 2781 239 2830 hauc
266 2782 372 2833 fabulae
394 2791 495 2847 purtem
521 2786 565 2848 agi
614 2787 740 2851 insignia,
758 2792 851 2833 notare
865 2773 984 2842 relebat,
998 2779 1107 2844 neque,'

80 2849 274 2914 fingatpoeta‚
293 2869 345 2916 qua
364 2854 566 2905 deranVu·
615 2858 686 2921 quod
721 2857 754 2905 Δ,
787 2851 957 2902 Boeokhio
995 2851 1095 2900 iniuria

81 2927 179 2969 turus
203 2921 319 2971 conferri
344 2924 417 2973 iubet
441 2923 566 2974 Lobee·
614 2927 671 2975 lere
689 2938 780 2973 omnes
805 2926 995 2972 concesseruut
1012 2921 1094 2968 iuter·

81 2990 177 3039 kium
202 2991 229 3039 in
255 2993 389 3056 Aglaoph.
415 2993 470 3042 vol.
494 2993 515 3042 1.
541 3009 566 3058 p.
614 3001 718 3059 protes,
747 2986 847 3040 diruere
871 2989 1023 3040 occidere
1053 2989 1093 3041 alr
1154 2992 1160 3008 “

81 3057 147 3114 118.
325 3093 327 3100 ,
616 3066 695 3113 dere
727 3060 892 3122 significare,
919 3057 965 3106 sed
991 3063 1093 3106 tentum

121 3128 155 3180 V.
174 3127 199 3181 7.
223 3129 363 3190 ceipene,
388 3126 488 3193 dyysie
511 3130 566 3193 τῆε
615 3133 696 3182 modo
714 3129 797 3178 lerrl
816 3137 847 3177 et
869 3125 1013 3176 incaelo
1031 3139 1093 3174 mo·

81 3192 280 3260 ἑπταπόρυυ
306 3196 383 3261 nri]
413 3196 566 3264 Respondet
616 3201 704 3262 seri,
730 3199 922 3259 adsentiorque
945 3193 1092 3256 Scalige-

7 3269 9 3274 “
81 3281 180 3317 servus
195 3281 277 3316 senex
288 3266 491 3330 esseSirium,
511 3269 566 3331 qui
616 3285 666 3333 ro,
696 3269 741 3332 qui
765 3267 871 3330 quidem
896 3265 995 3327 primus
1021 3264 1093 3315 litem

80 3340 119 3388 in
162 3337 357 3400 propinquo
396 3338 566 3400 Vergilis-
618 3341 651 3390 de
668 3337 796 3388 hocloco
814 3334 899 3386 movit
923 3335 951 3382 iu
970 3333 1093 3395 prolegu-

80 3421 155 3457 rum
176 3421 269 3469 quum
292 3405 438 3468 feratur,
463 3407 567 3457 adhuc
617 3409 703 3460 menis
721 3404 859 3456 adllauil.
878 3402 912 3450 de
925 3403 1014 3453 astrol.
1028 3409 1092 3452 vett.

80 3465 227 3528 me'dium
252 3474 322 3526 fers
354 3477 450 3525 caeli·
462 3477 567 3527 locum
618 3477 719 3532 Graec.v
733 3475 780 3525 fol.
792 3490 816 3522 a.
831 3471 856 3524 3.
872 3471 913 3522 ed.
929 3471 1020 3525 Boecl.
1035 3487 1093 3522 esse

80 3545 248 3598 obtineat.
290 3545 321 3593 ld
339 3545 379 3594 illi
395 3547 563 3611 interpretes,
612 3550 680 3599 hunc
692 3545 1092 3606 rudemillorumtemporume-

81 3617 130 3682 qui
155 3615 319 3676 astrologiae
335 3617 453 3666 rationes
471 3619 562 3682 exqui·
612 3615 777 3678 ‘strologium
789 3610 863 3662 Nihil
873 3611 1093 3663 enimeliudrult

82 3688 221 3745 siverunt,
251 3685 279 3734 iu
310 3699 363 3748 quo
391 3699 501 3737 numero
526 3689 561 3736 A.
612 3701 694 3738 senex
708 3684 856 3747 significare
869 3684 919 3733 nisi
932 3680 1032 3732 Sirium
1044 3685 1092 3732 eti-

81 3754 292 3806 Bocckhius,
314 3762 354 3803 est
383 3756 416 3805 de
448 3758 562 3822 principa
612 3773 654 3809 am
674 3755 787 3806 nuncin
805 3754 998 3804 summooeelo
1017 3753 1091 3818 ferri,

82 3826 181 3887 trugic.
211 3839 236 3887 p.
255 3823 306 3878 277
330 3840 387 3888 sq.,
415 3841 468 3876 nou
497 3829 562 3879 satis
612 3837 642 3878 ut
667 3826 815 3876 declaretur
837 3824 894 3874 lere
911 3825 1024 3878 mediam
1044 3838 1091 3874 uo·

84 3899 211 3946 accurate
232 3895 563 3960 essedictumpronuntia·
613 3905 759 3948 ctemeese.
786 3895 818 3943 ld
837 3894 1019 3958 alioquodam
1036 3907 1092 3942 mo·

83 3970 196 4023 verunt,
218 3972 248 4013 ut
272 3971 319 4014 eut
342 3966 499 4030 Euripidem
521 3979 567 4017 ne*
617 3969 651 4018 do
669 3967 797 4030 consequi
810 3964 1046 4016 studuitEnnius
1064 3963 1092 4010 in

82 4033 567 4100 gligeuterscripsissearguereuteut
616 4038 834 4102 Iphigeniam,
859 4035 904 4083 ubi
925 4036 1091 4095 Agamemno

85 4106 167 4154 etium
180 4105 348 4168 scripturam,
363 4121 430 4168 quae
442 4123 512 4156 nunc
526 4113 567 4156 eat
616 4124 694 4172 quum
706 4107 864 4170 quaesisset:
883 4101 966 4161 Quid
982 4101 1091 4149 uectis

84 4174 217 4235 inlibris,
235 4176 423 4226 immutandam
436 4192 495 4228 ease
511 4179 566 4226 exi·
616 4178 751 4227 videtur
773 4177 804 4226 in
822 4174 975 4224 altisono
997 4168 1092 4220 Caeli

85 4247 235 4296 stimerent.
253 4244 360 4294 Etenim
370 4247 394 4294 si
412 4248 565 4298 distantiam
615 4247 743 4312 clipeo?
760 4241 906 4308 respondet
923 4252 1017 4290 senen
1034 4237 1091 4288 Te-

86 4315 228 4378 utriusque
237 4314 333 4366 sideris
343 4324 565 4384 computaremus,
614 4333 664 4368 mo
686 4321 821 4380 superat
840 4309 969 4382 Cogeris
988 4309 1090 4360 subli-

155 4417 249 4483 Eurip.
269 4419 328 4469 Vol.
347 4419 384 4468 11.
869 4394 888 4454 (ἶ
993 4481 1000 4494 ,
