2746 4774
246 333 306 398 136

180 523 188 544 ‘
221 464 379 584 Ιλιιτιινα
401 495 534 588 μητέρ’·
566 503 594 562 si
621 499 686 584 γάρ
713 499 862 584 ἀρσένων
889 498 996 590 ponor

638 325 922 392 ΕΥΡΙΠΙΔΟΥ

1153 545 1156 550 »
1209 517 1278 580 aaa

242 609 335 670 iores
361 601 509 688 γυναιξὶν
533 595 635 675 ὅσιος,
665 597 708 666 οὐ
733 598 896 690 φθάνοιτ’
929 599 966 669 ’ἐτ’
997 596 1041 668 δν

243 701 466 784 θνήσκοντες,
495 695 514 779 ἢ
541 699 671 782 γυναιξὶ
699 699 1019 790 δονλτύιινχρεών·

244 803 445 886 τούναντίον
473 802 506 866 δὲ
534 796 660 883 δράσετ’
691 796 712 881 ἢ
738 806 862 886 δρᾶσαι
885 800 1008 890 χροιάν·

243 907 306 970 νῦν
332 907 392 988 μὲν
418 898 483 988 γὰρ
510 895 530 978 ἡ
557 903 732 984 προδοῦσα
758 900 857 986 λέκτρ’
888 905 969 986 ἐμοῦ
997 900 1126 992 πατρὸς

244 1007 425 1085 τέθνηκεν·
454 1010 480 1070 si
508 1002 543 1066 δὲ
570 995 611 1082 δὴ
641 1009 869 1070 κατακτενεῐτὲ
893 1029 941 1087 με,

1208 1019 1276 1080 940

245 1103 263 1172 ὁ
293 1104 398 1188 νόμος
423 1101 564 1177 ἀνεῖται,
592 1101 652 1170 κού
681 1104 817 1193 φθάνοι
846 1103 1008 1186 θνήσκων
1036 1131 1085 1185 τις
1107 1100 1162 1185 tia,

317 1303 348 1353 V,
366 1300 427 1353 936.
447 1317 495 1366 pro
514 1300 545 1350 ον’
567 1299 735 1354 Nauekius
754 1295 771 1362 ἤ
790 1301 955 1354 scribendum
976 1305 1134 1374 suspicetur.

315 1369 345 1424 V.
363 1369 424 1423 938.
444 1368 555 1436 δράσαι·
576 1369 606 1424 C.
624 1369 790 1420 Nauclrius
822 1367 908 1437 χρεών
926 1389 941 1424 e
963 1373 1099 1437 superiore
1126 1389 1201 1426 versa
1221 1375 1274 1426 lruc

161 1494 164 1501 ¹
245 1441 355 1500 relatum
373 1446 448 1490 ratus
469 1440 564 1503 δρᾶσαι
584 1443 681 1502 spinos
700 1439 865 1490 scribendum
887 1441 1017 1491 hocloco
1035 1458 1095 1495 esse
1113 1445 1255 1497 existimat.

315 1509 348 1560 V.
366 1507 489 1576 939.μ1ι
507 1526 521 1559 a
540 1523 618 1558 maran
638 1523 690 1556 aar.
711 1522 789 1567 supra
810 1511 935 1574 scriptam
954 1511 979 1561 in
997 1509 1026 1560 F.

316 1576 348 1629 V.
366 1576 427 1631 940.
465 1575 494 1640 δι’]
523 1581 699 1628 succutaneus
717 1577 796 1628 AEG.
833 1575 873 1628 δεῖ
893 1581 973 1641 (man.
999 1595 1052 1630 sec.
1075 1577 1121 1645 δὴ)
1147 1597 1273 1631 κατοντιι-
1370 1625 1371 1628 ,

245 1799 324 1852 supra
337 1788 476 1852 significavi
487 1787 522 1838 ad
535 1805 557 1843 a.
566 1787 624 1842 971.
635 1803 725 1851 quem·

245 1855 385 1908 admodum
409 1857 475 1909 bunc
499 1873 618 1922 versum,
646 1874 724 1921 quem

244 1925 726 1989 praeterA.Metthiaeiereomnes

244 1994 328 2043 critici
353 1993 554 2055 damnaverunt,
584 1995 728 2048 detenden-

244 2061 305 2112 dum
318 2076 377 2114 esse
388 2065 573 2116 existimarem.
595 2067 634 2116 tte
649 2066 730 2115 libro·

244 2145 301 2182 rum
331 2134 488 2182 auctoritate
517 2148 566 2184 non
591 2141 632 2184 est
659 2133 730 2198 quod

244 2199 337 2249 dicam.
365 2199 465 2250 Omnes
484 2202 540 2253 libri
560 2201 654 2253 habent
673 2213 729 2251 rue*-

244 2267 654 2330 turqueliustathiusversum
666 2274 731 2323 mul·

244 2337 277 2385 tis
301 2336 374 2385 locis.
410 2337 516 2402 Siquis
541 2347 731 2392 commemorat

244 2404 358 2452 inlibris
378 2406 509 2472 plerisque
530 2414 557 2460 et
582 2410 651 2474 apud
671 2411 731 2458 Eu·

244 2471 404 2524 statlrium
435 2479 520 2528 omitti
541 2475 594 2545 δέ,
624 2480 667 2528 vix
689 2483 731 2528 est

244 2541 476 2606 pronuntiandum,
500 2563 580 2612 quam
605 2547 683 2598 facile
704 2549 731 2597 in

244 2611 348 2672 antiqua
368 2614 511 2672 scriptione
529 2617 651 2666 continua
664 2614 729 2665 ΔΛ·

244 2675 650 2747 ΝΑΙΔΑΙΔΕΔΕΤΤΕΡΟΝ,
685 2685 729 2734 ubi

244 2757 284 2798 ter
311 2765 394 2812 paene
419 2752 510 2802 eadem
542 2754 640 2822 syllaba
665 2755 730 2804 scri·

243 2817 327 2868 banda
348 2825 419 2880 erat,
446 2820 508 2871 illud
535 2820 563 2870 δέ
587 2821 731 2873 oblitterari

243 2888 372 2949 potuerit,
402 2895 446 2947 ut,
472 2892 549 2940 etiam
571 2891 592 2940 si
616 2891 640 2940 iu
664 2890 730 2942 cod.

242 2955 386 3018 archetypo
406 2971 456 3007 non
476 2958 571 3023 fuerit,
604 2959 661 3009 bine
687 2965 730 3010 ta·

243 3036 301 3071 men
319 3021 376 3072 nibil
390 3027 547 3090 suspicionis
565 3027 597 3078 de
612 3029 729 3092 interpo-

242 3090 338 3141 latione
357 3101 488 3143 nascatur.
524 3095 552 3144 Si
571 3099 728 3147 senteutiam

242 3165 403 3222 spectamus,
424 3169 524 3213 tantiam
543 3164 619 3215 abest
637 3173 665 3216 ut
685 3182 730 3216 so·-

241 3229 353 3278 lemnem
379 3230 443 3280 iratae
463 3232 552 3294 populi
571 3236 658 3298 Argivi
682 3249 729 3298 ap-

241 3298 349 3359 pellatio
368 3313 426 3348 uem
453 3301 640 3364 repudiandam
670 3305 724 3358 exi·

240 3366 390 3428 stimemus,
423 3373 452 3418 ut
480 3377 552 3422 recte
576 3369 726 3437 Euripidem

241 3430 333 3484 iecisse
360 3437 535 3502 arbitremur,
564 3441 634 3503 quod
659 3441 727 3492 Ore·

241 3506 306 3548 stem
316 3515 365 3552 uon
378 3513 558 3558 contumacem
570 3509 727 3574 lingerevo-

241 3567 295 3627 luit,
311 3571 362 3618 aed*
377 3575 491 3624 contioni
516 3576 657 3630 admodum
670 3585 726 3628 tur·

239 3635 362 3686 buleutae
385 3638 457 3691 illum
479 3659 554 3694 suum
575 3651 663 3698 tamen
682 3646 727 3697 bo·

240 3719 329 3754 norem
361 3703 456 3758 babere
486 3726 596 3775 eamque
623 3715 727 3778 enitique

239 3773 413 3837 appellatione
435 3779 520 3839 gentis
540 3795 633 3831 ornare
652 3783 723 3834 lecit.

239 3843 350 3893 Constat
378 3849 463 3895 autem
492 3847 541 3895 sibi
565 3848 621 3912 ipse
643 3853 721 3914 poeta

780 1775 840 1842 876}
875 1787 1017 1838 Δαναΐδων
1058 1789 1147 1856 πάλιν,
1182 1796 1271 1848 omnia
1370 1777 1371 1780 ¹

778 1859 827 1907 iam
852 1854 894 1906 iric
923 1856 1062 1909 honorifica
1095 1863 1272 1926 appellatione

782 1925 863 1976 Πάλαι
877 1925 1012 1991 Πελασγοί,
1027 1929 1158 1980 Aurelius
1169 1931 1197 1982 δὲ
1207 1931 1270 1984 δού-

780 2013 864 2060 τερον,
900 1999 1094 2063 complectitur,
1125 2000 1157 2050 ad
1191 2019 1271 2068 quarn

780 2067 859 2114 etiam
883 2069 986 2124 spectat
1004 2067 1078 2130 illud,
1102 2069 1171 2133 quod
1198 2079 1260 2122 ante

779 2134 860 2184 cedite
884 2127 906 2184 ὦ
929 2135 978 2199 γῆν
995 2130 1093 2199 Ἰνάχοιι
1112 2139 1269 2203 κεκτημένοι.

782 2204 921 2254 Eiusmodi
953 2211 1042 2255 auteur
1079 2210 1271 2272 appellationes

783 2271 1020 2324 honorificentiores
1033 2274 1114 2326 inisse
1126 2293 1202 2341 quam
1215 2280 1271 2330 usi-

783 2341 1270 2398 tatacivitatiamnominaiamAbron

781 2411 807 2460 in
832 2410 896 2459 libro
912 2412 977 2476 vrrepl
1002 2411 1166 2477 ιιαρωνύμων
1185 2433 1269 2482 eapo-

782 2479 843 2528 suit.
873 2477 925 2528 Kal
944 2478 1037 2536 ιαάτας
1055 2498 1090 2546 ye,
1109 2485 1205 2550 inquit,
1223 2483 1271 2537 uia

783 2545 886 2612 airicus
914 2550 964 2598 cciv
992 2545 1044 2600 άιιὸ
1072 2553 1118 2616 τῆς
1145 2553 1270 2620 πατρίδος

781 2615 941 2683 ἐντιμοτέραν
958 2618 1083 2684 ἐνόμιζον,
1110 2630 1178 2674 teste
1196 2625 1269 2676 Ste-

783 2685 1060 2751 pbanoiiyzsutio
1083 2707 1137 2740 av.
1157 2688 1269 2758 Ἀδῆνοι

785 2772 809 2819 ρ.
828 2755 871 2808 44.
893 2755 921 2805 V.
948 2757 981 2807 ad
1003 2759 1072 2810 Med.
1097 2759 1157 2814 824.
1180 2780 1204 2829 p.
1222 2763 1269 2818 89.

783 2823 824 2874 ed.
843 2823 924 2874 Gotlr.
945 2826 990 2875 alt.

818 2892 849 2944 V.
874 2893 935 2947 936.
965 2889 1001 2943 οὐ
1032 2892 1268 2964 φθάνοι“τίἔτ’

782 2957 820 3024 ἄν
844 2959 1060 3032 Θνήσκοντός]
1087 2967 1161 3019 Haec
1182 2969 1269 3021 forma

781 3031 914 3089 orationis,
931 3047 1009 3094 quam
1031 3036 1140 3089 eandem
1159 3037 1222 3088 inira
1244 3055 1268 3092 r.
1370 3085 1371 3094 ,

781 3099 842 3152 941.
862 3115 951 3150 rursus
970 3102 1111 3168 babemus,
1129 3107 1199 3158 varie
1218 3123 1267 3158 ex-

781 3169 875 3234 plicata
895 3176 950 3232 est,
973 3173 1012 3224 ita
1029 3181 1115 3226 tamen
1134 3182 1163 3225 ut
1182 3190 1268 3238 neque

782 3243 811 3288 Α.
836 3237 993 3292 Matthiae
1019 3245 1161 3307 rationem,
1186 3259 1268 3308 quam

779 3307 801 3356 is
821 3314 946 3369 sequutus
965 3317 1006 3361 est
1023 3328 1061 3377 gr.
1077 3314 1123 3363 Gr.
1143 3315 1222 3377 ampl.
1241 3317 1267 3379 ς.

777 3375 837 3429 553.
855 3375 880 3428 3.
901 3393 922 3441 p·
948 3376 1015 3433 ¹084
1033 3398 1072 3446 sq.
1095 3381 1137 3432 ed.
1156 3399 1218 3445 sec,
1237 3395 1269 3437 ut

779 3444 876 3494 diceret
895 3462 953 3496 esse
965 3451 1067 3514 ellipsin
1080 3451 1105 3500 in
1116 3451 1154 3502 bis
1169 3453 1268 3516 verbis,

778 3513 837 3576 quia
864 3515 933 3564 nulla
957 3519 1034 3580 plane
1064 3520 1161 3584 ellipsis
1188 3523 1267 3573 vesti-

778 3583 848 3644 gium
880 3584 905 3632 in
937 3581 985 3635 bac
1015 3586 1126 3639 iortnula
1156 3591 1267 3642 inveniri

776 3656 879 3713 potest,
903 3667 989 3717 neque
1007 3657 1117 3708 aliorum
1136 3661 1266 3712 rationem

776 3718 927 3782 probemus,
946 3725 991 3787 qui
1003 3739 1034 3774 ex
1052 3725 1268 3794 interrogatione,
1370 3713 1371 3764 3

776 3793 863 3838 natam
876 3790 1266 3864 illamiormnlamputaaerunt,
1370 3821 1371 3826 ¹

778 3869 864 3920 neque
893 3860 926 3908 G.
955 3861 1129 3915 Hermanai
1158 3875 1267 3917 senten·
1370 3889 1371 3898 ¹

238 3927 280 3974 ao,
300 3910 370 3974 qnod
394 3918 462 3973 quae
486 3919 650 3980 praeparavit
672 3918 722 3970 iam
774 3924 836 3974 tiam
873 3943 1027 3992 sequamur,
1065 3950 1133 3998 quae
1165 3937 1197 3984 ab
1232 3952 1266 3988 eo

237 3988 297 4032 ante
324 3998 346 4031 ν.
369 3981 428 4036 691.
466 3981 600 4049 notamen
622 3984 722 4050 Ἄργον.
771 3996 908 4058 proposita
943 4007 984 4049 est
1011 4002 1045 4050 ad
1081 4003 1207 4068 Vigerum
1239 4021 1264 4055 a.

238 4060 265 4100 θῑ
288 4065 378 4101 ”11³1ss
405 4067 427 4100 V·
448 4050 508 4106 357·
532 4052 613 4122 99940
640 4055 720 4106 Heia·
749 4061 831 4120 ,294
857 4079 882 4128 p.
911 4064 963 4120 764
988 4084 1061 4134 sqq,
1086 4081 1115 4120 ut
1141 4069 1266 4140 φθάνειν,
1370 4065 1371 4068 ’

238 4119 314 4182 epeia.
338 4127 365 4171 et
390 4135 412 4170 r.
432 4119 491 4174 872.
516 4117 549 4174 οὗ
568 4141 632 4188 φασι
651 4127 721 4192 πρῶ·
777 4131 911 4194 qnod‘est
934 4137 1039 4188 eitius
1062 4147 1108 4190 aut
1134 4141 1263 4195 nimium

238 4202 281 4234 ιον
307 4189 418 4244 Δαναὸν
448 4188 496 4245 ari.
528 4202 555 4246 et
580 4209 669 4246 rursus
692 4211 715 4248 ν.
772 4199 839 4250 cito
868 4201 967 4268 aliquid
996 4205 1105 4261 iacere
1135 4213 1181 4260 aul
1217 4229 1265 4264 ac·
